3326 5022
583 447 624 519 A.
655 449 762 522 1215.
1175 447 1223 518 39

98 645 100 652 ’
206 649 282 722 Eo·
313 674 411 722 anno
439 673 504 720 rex
530 647 748 720 Fredericus
777 647 813 718 in
846 647 1066 743 rependium
1101 645 1223 718 collati
1235 657 1294 712 tun.

131 751 199 823 sibi
219 751 351 823 celitus
371 747 540 822 beneficii
561 758 598 822 et
616 748 795 846 triumphi
814 751 859 820 de
880 749 1017 821 Ottone
1036 747 1132 820 dicto
1158 748 1224 818 im·
1242 731 1289 784 ²5·

27 891 29 896 ·
132 863 326 950 peratore7
364 853 459 948 apud
479 849 756 947 Aquisgranum
786 859 921 947 sponte
948 873 991 920 se
1019 847 1139 921 crucis
1167 872 1225 920 ca-

132 963 278 1024 ractere
298 951 499 1047 insignivit.

207 1052 336 1124 Dictus
363 1077 459 1150 papa
485 1053 603 1124 Rome
629 1053 727 1148 apud
746 1051 972 1123 Lateranum
999 1051 1035 1122 in
1063 1049 1223 1122 ecclesia

131 1152 336 1226 Salvatoris
355 1177 428 1248 que
447 1151 754 1226 Constantiniana
774 1152 907 1224 dicitur
925 1162 1095 1224 sanctam
1116 1175 1226 1244 syno-

131 1253 219 1326 dum
245 1254 459 1348 celebravit‚
485 1253 522 1324 in
549 1277 621 1350 quo
650 1277 734 1324 cum
763 1253 901 1324 fuerint
926 1263 1053 1350 patres
1079 1252 1226 1325 circiter

87 1438 92 1446 q
133 1355 406 1451 quadringenti,
435 1357 480 1426 de
507 1353 774 1424 reformatione
803 1351 965 1424 ecclesie
992 1353 1029 1424 in
1058 1377 1127 1426 suo
1147 1376 1224 1426 ser-

132 1479 245 1527 mone
277 1454 492 1553 proposuit,
535 1465 573 1525 et
602 1453 821 1526 liberatione
854 1453 1091 1550 potissimum
1125 1463 1224 1524 terre

132 1565 281 1651 sancte5
309 1555 558 1627 interfuerunt
582 1564 707 1626 autem
732 1577 865 1650 regum
886 1563 924 1626 et
941 1553 1152 1652 principum
1171 1565 1225 1625 to-

129 1657 203 1730 tius
224 1655 322 1729 orbis
343 1655 474 1750 nuntii7
499 1655 647 1750 legatus
667 1679 815 1751 quoquc
834 1655 936 1751 regis
954 1655 982 1726 F
984 1654 1140 1727 rederici
1160 1655 1226 1726 Pa-

131 1757 365 1828 normitanus
385 1755 693 1853 archiepiscopus
709 1755 896 1827 berardus
913 1755 1078 1851 nomine,
1098 1765 1136 1827 et
1149 1757 1225 1828 Με-

130 1857 359 1931 diolanensis
386 1857 536 1953 quidam
560 1881 626 1955 pro
647 1867 752 1954 parte
772 1856 919 1929 Ottonis
940 1859 985 1928 ad
1005 1859 1223 1928 mandatum
1294 1857 1299 1864 ⁴

131 1959 291 2031 ecclesie
311 1958 432 2031 redire
453 1957 623 2030 volentis.
664 1957 807 2044 Quibus
826 1958 994 2029 marchio
1014 1957 1225 2030 Montisfer-

70 2133 73 2142 ,
129 2059 212 2154 rati,
232 2059 293 2156 qui
314 2070 394 2132 erat
412 2083 479 2156 pro
500 2069 604 2154 parte
623 2058 725 2154 regis
745 2058 878 2154 ipsius⁷
902 2057 1163 2132 adversarium
1183 2081 1224 2131 se

132 2183 342 2258 opponens,
362 2162 459 2256 quod
479 2183 544 2256 pro
560 2160 697 2232 Ottone
712 2159 794 2255 ipso
810 2183 884 2230 non
901 2161 1081 2232 deberent
1095 2159 1225 2254 audiri,
1242 2233 1250 2239 ,

131 2285 196 2333 sex
212 2261 249 2331 in
265 2259 429 2333 medium
450 2259 611 2356 capitula
632 2257 792 2355 protulit.
840 2261 1003 2331 Primum
1025 2259 1109 2358 quia
1129 2261 1225 2331 iura·

131 2371 300 2433 mentum
320 2362 417 2457 quod
433 2360 601 2432 Romane
622 2359 783 2432 ecclesie
801 2360 944 2432 lecerat
958 2385 1032 2431 non
1049 2361 1225 2456 servavit,

129 2472 170 2532 ut
189 2460 323 2534 debuit.
375 2461 590 2534 Secundum
617 2461 702 2556 quia
727 2471 971 2558 propterque
991 2461 1059 2533 fuit
1078 2485 1225 2534 excom·

133 2562 343 2634 municatus
372 2563 494 2633 adhuc
520 2561 682 2657 detinet7
711 2585 781 2634 nec
806 2563 979 2658 renituit,
1014 2573 1052 2636 ut
1079 2563 1225 2634 iuravit.

132 2663 299 2735 Tertium
315 2663 399 2759 quia
419 2662 638 2760 episcopum
655 2667 843 2759 que-ndum
859 2665 1224 2736 excommunicatum

130 2775 323 2860 tamquam
334 2763 453 2861 ipsius
465 2763 649 2834 fautorem
663 2763 789 2835 nititur
803 2765 1014 2836 contovere.
1043 2764 1224 2852 Quartum

132 2865 216 2962 quia
236 2865 403 2962 legatum
424 2864 643 2962 episcopum
664 2865 775 2936 alium
798 2887 934 2962 capere
960 2864 1051 2937 etin
1073 2865 1225 2937 maioris

73 3015 84 3034 ,
130 2965 332 3063 iniquitatis
358 2966 547 3036 cumulum
568 2965 802 3038 incarcerare
823 2967 1063 3064 presumpsit.
1114 2967 1226 3054 Quin·

130 3077 207 3138 tum
234 3067 319 3164 quia
346 3065 381 3138 in
412 3078 668 3164 contemptum
698 3069 867 3140 Romane
899 3067 1060 3141 ecclesie
1093 3091 1224 3164 regem

130 3167 367 3240 Fredericum
391 3191 522 3264 regem
550 3169 1088 3266 appellavitpresbyterorum.
1136 3169 1226 3241 Sex·

132 3279 210 3340 tum
222 3269 305 3365 quia
319 3271 504 3365 quoddam
521 3269 736 3340 monialium
747 3269 1018 3341 monasterium
1032 3270 1225 3361 destruxit,

132 3381 168 3440 et
197 3369 316 3441 erexit
342 3369 378 3440 in
407 3393 544 3442 arcem.
592 3370 735 3442 Adiecit
763 3369 889 3463 etiam,
918 3373 1014 3466 quod
1043 3393 1127 3440 cum
1155 3370 1226 3466 ipsi

131 3469 434 3542 Mediolanenses
463 3470 574 3543 simili
601 3481 730 3543 essent
755 3470 1142 3542 excommunicatione
1163 3494 1226 3540 no-

131 3568 210 3661 tati7
238 3579 428 3664 tamquam
447 3571 566 3666 ipsius
587 3571 734 3644 Ottonis
755 3571 958 3667 complices
985 3582 1021 3642 et
1046 3572 1225 3665 fautores,

132 3677 168 3740 et
189 3668 273 3764 quia
295 3691 424 3739 eorum
446 3670 576 3742 civitas
597 3673 801 3745 Paterenos
821 3672 1102 3767 inonstantia
1124 3695 1225 3769 pror-

133 3793 198 3850 sus
215 3771 400 3841 debebant
415 3769 557 3840 ratione
574 3772 699 3843 audiri.
733 3772 838 3859 Quod
856 3796 940 3845 cum
957 3773 1117 3845 moleste
1133 3771 1225 3844 satis

132 3870 273 3942 ferrent
287 3867 589 3942 Mediolanenses
609 3871 693 3969 ipsi,
713 3883 750 3944 et
768 3873 909 3945 vellent
927 3873 1133 3947 marchioni
1152 3872 1225 3970 ipsi

131 3971 167 4042 in
188 3969 415 4042 contrarium
435 3974 680 4069 respondereq
700 3973 784 4070 quia
805 3997 892 4070 pars
914 3985 1070 4071 utraque
1086 3975 1121 4046 in
1139 3997 1224 4046 con-

131 4072 303 4145 tumelias
331 4075 609 4170 prorumpebat,
637 4077 682 4146 de
710 4073 802 4146 solio
831 4099 899 4146 suo
927 4075 1100 4149 dominus
1126 4101 1223 4174 papa

130 4197 244 4246 manu
263 4173 393 4269 innuit7
414 4183 451 4246 et
470 4174 748 4271 egredientibus
769 4175 905 4249 ceteris
925 4176 1007 4275 ipse
1023 4177 1223 4250 ecclesiam

128 4298 152 4365 a)
173 4296 213 4350 Eo
230 4331 263 4339 -
282 4299 417 4368 insignivit
436 4305 583 4356 aucmento
602 4304 675 4358 illita.
