3352 5026
421 448 493 520 138
621 437 905 516 RYCCARDUS
931 439 994 512 llll
1018 438 1057 512 S.
1085 437 1316 512 GERMANO

418 656 478 719 est
504 666 654 743 passus,
703 642 844 714 Eodem
871 663 1004 712 mense
1024 663 1044 710 a
1064 636 1294 710 monasterio
1314 636 1513 711 Casinensi

418 749 515 820 sicut
533 769 553 816 a
574 742 711 817 ceteris
731 740 813 813 aliis
833 743 879 812 de
898 764 1017 836 regno
1037 737 1312 812 cathedralibus
1328 737 1513 833 ecclcsiiS,

418 869 567 920 necnon
595 855 632 916 et
660 867 680 914 a
706 842 861 915 subditis
892 841 1013 913 eidem
1040 838 1271 912 monasterio
1300 837 1422 934 cellis‚
1450 841 1513 910 ad·

415 947 590 1020 iutorium
611 967 677 1042 pro
696 943 925 1040 imperatore
946 940 1115 1038 exigitur.
1147 939 1326 1013 Similiter
1345 949 1383 1010 et
1400 964 1422 1010 a
1440 939 1512 1011 cle-

415 1048 503 1132 ricis
523 1044 668 1119 abbatie
686 1067 754 1141 pro
774 1040 968 1116 beneficiis
988 1041 1077 1114 suis
1126 1039 1406 1113 Obedientiales
1434 1063 1512 1112 mo·

416 1147 527 1222 uachi
546 1145 668 1217 vocati
687 1169 707 1216 a
728 1143 879 1216 Taffuro
900 1142 1106 1214 castellano
1125 1165 1235 1214 rocce
1255 1140 1395 1237 lanule,
1416 1139 1512 1213 sicut

418 1260 455 1322 et
470 1247 541 1347 ipsi
556 1245 693 1342 clerici⁷
708 1247 797 1317 dare
813 1253 1071 1316 convenerunt
1085 1241 1329 1314 medietatem
1344 1241 1511 1313 omniurn

416 1357 666 1448 proventuum
695 1344 990 1418 obedientiarum
1019 1367 1193 1439 suarum,
1229 1353 1266 1415 et
1293 1341 1427 1414 exinde
1454 1367 1511 1414 re-

417 1451 605 1548 spondere
624 1447 812 1544 Roggerio
841 1449 886 1518 de
904 1445 1136 1516 Landenulfo
1163 1453 1201 1517 et
1224 1443 1357 1516 lacobo
1377 1443 1511 1517 Cazolo

416 1555 462 1624 ad
486 1551 559 1622 hoc
578 1547 789 1620 constitutis
811 1571 877 1644 per
896 1545 1131 1617 iustitiarium
1150 1555 1250 1616 terre
1267 1543 1422 1617 Laboris
1442 1567 1510 1642 pro

414 1651 515 1724 victu
540 1647 793 1742 servientum‚
831 1646 892 1744 qui
920 1645 1085 1743 deputati
1113 1655 1202 1718 sunt
1228 1647 1273 1718 ad
1302 1644 1510 1718 custodiam

303 1745 304 1748 ¹
415 1749 635 1824 monasterii
654 1759 691 1821 et
710 1746 951 1820 Pontisourvi.

490 1853 543 1923 Eo
567 1860 739 1946 tempore
763 1847 973 1944 subscripta
993 1845 1153 1943 capitula
1174 1846 1272 1919 edita
1291 1856 1379 1918 sunt
1397 1845 1432 1916 in
1453 1869 1510 1918 rc·

417 1975 506 2048 gno⁷
534 1972 606 2048 que
625 1973 692 2047 pro
712 1959 817 2046 parte
836 1946 1020 2044 imperiali
1040 1946 1232 2020 observari
1251 1946 1441 2020 iubentur:
1468 1946 1510 2042 ln

413 2052 556 2145 primis,
584 2055 621 2121 ut
646 2052 783 2136 fratres
808 2047 1059 2121 Predicalores
1086 2055 1120 2119 et
1143 2047 1317 2142 Minores,
1343 2051 1403 2148 qui
1428 2054 1512 2120 sunt

417 2151 560 2224 oriundi
579 2151 622 2222 de
640 2153 745 2222 terris
762 2149 952 2238 infidelium
972 2147 1199 2243 lombardie,
1226 2147 1449 2244 expellantur
1467 2147 1510 2220 de

414 2275 546 2348 repam
574 2257 607 2322 et
633 2251 684 2322 ab
707 2249 787 2322 aliis
811 2250 989 2322 habeatur
1013 2248 1166 2342 cautela,
1193 2249 1291 2345 quod
1307 2272 1380 2321 uon
1398 2249 1509 2336 offen·

415 2351 507 2424 daut
522 2353 785 2446 imperatorem.
831 2349 929 2421 ldem
947 2353 1012 2435 aar
1030 2349 1073 2422 de
1092 2349 1174 2422 aliis
1190 2353 1354 2444 personis
1371 2347 1510 2444 relipio·

414 2455 475 2524 sis.
511 2451 597 2522 ltem
617 2459 657 2523 ut
672 2452 828 2523 barones
845 2457 878 2521 ct
895 2449 1031 2544 milites,
1051 2453 1110 2545 qui
1126 2452 1295 2537 focerunt
1310 2447 1508 2546 aliquando

413 2557 553 2646 partem
577 2575 673 2646 pape
698 2557 825 2622 contra
853 2573 1024 2644 cesarem,
1051 2557 1084 2621 et
1105 2553 1270 2645 precipue
1298 2553 1357 2646 qui
1373 2555 1457 2622 sunt
1472 2551 1508 2620 in

264 2683 287 2698 -*
401 2653 566 2738 'confinio
586 2653 696 2748 rapui,
723 2650 951 2745 inducantur,
974 2657 1147 2746 potentes,
1175 2651 1272 2746 quod
1295 2651 1435 2724 vadunt
1458 2649 1509 2722 od

414 2753 595 2824 seruitium
620 2755 716 2824 curie
743 2753 779 2822 in
806 2751 1063 2824 bombardiam
1092 2775 1171 2824 cum
1199 2754 1297 2846 equis
1323 2759 1358 2822 et
1383 2752 1507 2844 armis,

413 2855 621 2946 impotentes
651 2852 811 2924 similiter
845 2877 867 2923 a
898 2854 1001 2923 curia
1034 2851 1211 2946 imperiali
1243 2851 1420 2946 stipendia
1454 2873 1506 2922 rc·

415 2955 562 3045 cepturi.
603 2953 689 3024 ltem
710 2977 733 3023 a
753 2952 1018 3024 cathedralibus
1035 2952 1190 3024 ecclesiis
1205 2975 1271 3046 per
1288 2977 1324 3024 se
1343 2953 1510 3047 eripietur

414 3058 449 3124 et
460 3054 668 3144 imponatur
679 3075 746 3145 pro
760 3052 937 3145 imperiali
950 3053 1053 3122 curru
1069 3053 1298 3146 adiutorium,
1313 3051 1507 3124 secundum

417 3151 563 3223 modum
582 3157 614 3222 et
630 3153 825 3246 potentiam
845 3151 1049 3223 diuitiarum
1067 3175 1229 3224 suarum.
1273 3152 1507 3224 Nihilominus

413 3257 448 3323 et
464 3275 488 3323 a
506 3254 689 3325 canonicis
707 3275 831 3324 earum
851 3251 1039 3346 dyocesum
1058 3251 1126 3324 sibi
1142 3252 1292 3325 subditis
1299 3253 1507 3348 presbiteris

414 3359 447 3424 et
465 3351 602 3425 clericis
619 3353 812 3425 secundum
830 3353 1024 3438 facultates
1041 3376 1175 3426 eorum.
1223 3353 1316 3426 lllud
1337 3353 1431 3426 idem
1449 3375 1506 3424 cc·

413 3454 536 3548 ipatur
563 3453 609 3524 ab
637 3453 838 3548 abbatibus,
866 3453 1050 3526 monacbis
1075 3455 1188 3550 uipris
1212 3460 1245 3524 ct
1270 3453 1371 3526 albis.
1420 3454 1506 3524 ltcm

413 3553 510 3648 quod
533 3553 581 3624 lrii
605 3555 664 3648 qui
681 3556 816 3626 suntin
833 3553 1000 3626 Romana
1019 3556 1134 3649 curia,
1158 3560 1278 3648 preter
1295 3554 1457 3626 eaelusos
1475 3559 1508 3624 et

411 3659 609 3747 suspectos,
646 3660 872 3726 revertuntur
896 3655 932 3724 iri
959 3677 1126 3750 repnum‚·
1158 3657 1377 3749 sinautem,
1411 3655 1507 3726 bona

411 3775 534 3824 eorum
552 3755 766 3848 infiscentur,
785 3777 849 3827 nec
864 3756 1118 3848 permittantur
1132 3762 1216 3850 post
1233 3757 1435 3828 citationem
1455 3778 1507 3826 re-

412 3855 510 3925 uerti.
563 3852 797 3949 decipiuntur
823 3857 883 3950 qui
908 3861 991 3926 sunt
1014 3878 1093 3927 cum
1113 3855 1294 3928 cardinali
1314 3855 1448 3928 Thomu
1474 3861 1508 3926 et

410 3975 490 4024 cum
515 3953 676 4026 Iohanne
701 3955 744 4028 de
772 3957 898 4050 Capua
922 3957 1067 4028 notario
1091 3981 1197 4051 pape.
1248 3955 1336 4029 Item
1363 3955 1506 4028 illorum

410 4051 632 4148 clericorum,
660 4056 788 4153 quide
816 4079 927 4152 repro
952 4079 1025 4128 non
1051 4063 1144 4153 sunt,
1172 4057 1269 4129 bona
1287 4061 1322 4128 et
1338 4055 1507 4143 beneficia

411 4175 478 4247 que
495 4151 654 4228 babeant
669 4159 706 4228 in
723 4181 834 4252 repca
853 4156 1056 4245 infiscanda
1074 4164 1165 4230 suut.
1198 4157 1287 4228 Item
1305 4155 1404 4252 quod
1419 4153 1508 4228 nulli

407 4253 637 4345 permittatur
652 4255 705 4327 ,ad
720 4256 923 4330 Romanam
942 4256 1126 4340 ecclesiam
1146 4256 1317 4330 accedere
1334 4258 1410 4328 sine
1428 4277 1506 4349 spe·

1085 4349 1098 4424 l
