3352 5026
627 307 668 378 A.
699 305 805 380 1239.
1198 309 1265 381 141

173 507 381 606 Imperator
404 516 550 599 tamen⁷
585 529 670 575 cum
699 507 877 576 invadere
903 504 1008 601 ipsos
1037 530 1110 576 non
1140 518 1271 604 posset

174 619 238 680 aut
264 609 390 679 facere
418 607 453 676 in
483 629 549 678 eos
574 605 774 700 insultum⁷
809 628 952 678 moram
983 608 1206 702 protrahens
1231 609 1267 679 in

174 708 393 806 episcopatu
409 705 680 779 Mediolanensi
701 730 768 803 per
785 709 878 778 duos
892 705 1156 802 feremenses7
1176 707 1268 807 Sep·

175 807 331 880 tembris
361 806 482 879 silicet
509 817 547 880 et
569 807 759 903 Octobris7
796 817 833 878 et
856 805 1144 904 depopulatione
1171 808 1268 879 facta

145 916 146 920 ’
173 933 248 979 non
274 907 421 979 modica
447 907 484 978 in
513 907 748 1003 extrinsecis⁷
775 907 950 980 discessit
977 911 1021 979 ab
1048 908 1133 980 inde
1161 909 1268 981 etad

172 1009 473 1082 devastationem
492 1008 616 1106 pontis
634 1009 821 1080 Placentie
842 1033 927 1080 cum
944 1009 1108 1081 exercitu
1124 1033 1192 1081 suo
1208 1033 1268 1081 ac·

171 1109 279 1182 cedit.

246 1211 388 1282 Eodem
420 1232 553 1280 mense
586 1206 820 1304 Septembris
853 1207 1037 1280 iustitiarii
1069 1233 1203 1282 omnes
1229 1221 1267 1282 et

170 1309 366 1382 castellani
391 1311 436 1380 de
459 1332 577 1405 regno
597 1318 804 1404 mutantur3
833 1318 871 1379 et
895 1319 1020 1380 amoto
1040 1308 1192 1381 Taffuro
1219 1313 1265 1381 de

169 1412 298 1508 Capua
330 1413 376 1482 de
403 1433 513 1482 rocca
542 1409 689 1504 lanule⁷
726 1409 787 1506 qui
820 1409 933 1480 etiam
968 1432 1095 1480 curam
1126 1413 1266 1506 agebat

170 1511 309 1582 montis
325 1510 449 1583 Casini
465 1520 503 1582 et
517 1510 642 1582 Pontis
659 1509 774 1604 curvi7
795 1508 1028 1581 substituitur
1045 1509 1097 1580 illi
1113 1510 1264 1606 quidam

170 1611 392 1684 Guilielmus
418 1613 464 1682 de
491 1610 652 1708 Spinosa
680 1609 716 1682 in
743 1634 852 1682 rocca
873 1611 1000 1682 lanule
1020 1611 1263 1707 castellanus,

169 1712 260 1784 etin
282 1711 417 1784 Casino
438 1711 588 1809 quidam
609 1712 786 1784 lordanus
808 1715 852 1783 de
873 1711 1042 1784 Calabria
1061 1712 1262 1784 ordinatur.

167 1813 307 1886 Eodem
340 1837 474 1886 mense
506 1823 632 1885 amoto
665 1838 685 1884 a
714 1813 950 1884 iustitiariatu
979 1824 1078 1885 terre
1106 1813 1260 1886 Laboris

167 1913 365 1985 Guilielmo
382 1913 833 2005 uesanetorraymunm,
849 1913 1062 2004 Ryccardus
1079 1915 1261 1986 deblonte

168 2013 275 2108 nigro
296 2012 517 2083 substitutus
537 2022 596 2082 est
614 2010 675 2080 illi.
728 2011 897 2082 Barones
924 2022 961 2082 et
985 2011 1123 2084 milites
1143 2013 1262 2086 infeu-

168 2111 243 2181 dati
262 2113 307 2182 de
327 2134 444 2205 regno
464 2135 532 2207 per
550 2109 766 2182 iustitiarios
786 2111 969 2205 singulos,
989 2121 1028 2182 ut
1043 2135 1086 2183 se
1100 2111 1137 2182 in
1153 2114 1259 2211 equis

167 2219 205 2282 et
224 2210 338 2282 armis
358 2220 572 2307 preparent,
601 2220 898 2282 summoneatur.

241 2310 502 2383 bononienses
523 2321 609 2408 post
626 2310 838 2384 discessum
857 2297 1095 2409 imp‘eratoris
1119 2317 1165 2387 ab
1185 2313 1260 2412 epi-

165 2423 321 2510 scopatu
337 2411 519 2507 Bononie⁷
538 2423 670 2486 euntes
686 2422 830 2484 temere
846 2437 963 2510 super
975 2414 1171 2510 Mutinam
1186 2439 1259 2513 que
1331 2433 1337 2458 ⁴

164 2513 381 2611 imperatori
408 2513 579 2608 favebat7
612 2538 633 2582 a
662 2515 798 2585 comite
826 2513 980 2586 Simone
1006 2515 1188 2587 Theatino
1222 2527 1260 2588 et

163 2613 573 2687 Parmensibusdevicti
588 2614 721 2686 suntin
733 2637 880 2710 campo,
895 2625 932 2685 et
947 2615 1114 2686 nonnulli
1125 2638 1257 2687 eorum

164 2715 262 2813 capti
287 2725 385 2810 sunt,
413 2714 580 2786 nonnulli
608 2713 741 2810 gladiis
768 2713 1061 2811 interemptipet
1088 2716 1256 2786 nonnulli

162 2839 301 2914 ampne
320 2815 534 2888 summersi.

237 2917 420 2990 Henricns
447 2941 513 2989 rex
540 2916 728 3011 Gallu1·e³‚
764 2914 943 2988 naturalis
970 2914 1067 2988 filius
1094 2915 1255 3012 impera·

162 3016 267 3113 toris,
286 3017 323 3089 in
342 3019 550 3090 marchiam
563 3016 837 3089 Anconitanam
856 3015 975 3112 venit5
995 3027 1124 3088 contra
1140 3040 1252 3113 quem

161 3118 317 3190 mittitur
348 3142 369 3190 a
401 3119 582 3216 Gregorio
617 3131 717 3216 papa
747 3117 933 3191 lohannes
966 3119 1012 3189 de
1044 3117 1253 3214 Columpna

162 3217 372 3290 cardinalis.

234 3315 368 3388 Mense
387 3316 558 3389 Octobris
578 3315 821 3388 Prenestinus
842 3317 1043 3416 episcopus
1054 3315 1084 3364 ⁵⁵
1101 3317 1250 3414 legatus

160 3440 179 3486 a
194 3440 293 3513 papa
308 3419 353 3488 ad
368 3415 557 3514 principes
572 3415 729 3488 mittitur
743 3416 960 3515 occidentis,
975 3418 1057 3516 quit
1072 3417 1109 3489 in
1123 3416 1250 3514 specie

159 3516 348 3612 peregrini
374 3541 458 3589 cum
486 3541 560 3589 uno
584 3527 730 3589 tantum
757 3517 859 3590 socio
885 3543 953 3616 per
970 3529 1109 3591 terram
1130 3542 1250 3614 usque

157 3617 311 3689 lanuam
330 3617 444 3714 vadit,
472 3628 509 3689 et
527 3617 612 3690 inde
631 3618 780 3715 navigio
799 3619 1064 3692 transfretavit.
1117 3619 1249 3690 Mense

157 3720 290 3791 eodem
323 3717 471 3814 quidam
495 3719 664 3792 Andreas
697 3722 742 3792 de
772 3719 895 3794 Cicala
928 3746 947 3792 a
979 3721 1089 3794 Porta
1121 3719 1249 3792 Roseti

156 3843 276 3917 usque
305 3817 471 3892 adfines
499 3819 606 3916 regni
633 3843 701 3916 per
729 3820 996 3920 imperatorem
1028 3819 1248 3917 capitaneus

156 3919 400 3993 constituitur.
449 3919 603 4016 Ingenia
623 3945 695 4016 que
715 3921 862 4002 biddett
888 3921 1060 3994 dicuntur
1078 3931 1116 3992 et
1134 3945 1248 4019 anga-

156 4042 179 4108 ἢ)
200 4042 295 4098 Gallu?
313 4063 336 4099 c.
412 4045 438 4116 b)
458 4046 503 4116 qui
523 4063 583 4098 cum
604 4063 658 4097 uno
678 4055 780 4118 tantum
801 4047 900 4110 comite
918 4044 947 4096 in
966 4061 989 4097 c.

155 4133 204 4214 55)
229 4135 372 4198 lacobus.
459 4139 508 4214 56)
532 4139 551 4202 i.
574 4161 603 4219 q.
626 4137 733 4216 blidae
759 4169 830 4230 0550
854 4137 1007 4203 ridentur.
