3352 5026
618 398 658 467 A.
691 397 796 470 1229.
825 443 827 446 -
1212 401 1260 470 89

167 600 331 700 peratori
360 606 645 711 representant7
680 596 797 692 pridie
829 605 916 665 ante
949 595 1086 666 exitum
1118 597 1261 670 mensis

166 701 390 774 Novembris
411 699 599 794 adipsum
620 696 888 793 imperatorem
909 706 1100 768 venermunt

243 805 412 874 Tunct
375 799 488 872 etiam
515 799 638 870 littere
664 798 761 868 facte
789 807 876 870 sunt
902 820 970 894 per
995 797 1261 894 imperatorem

168 894 214 976 de
240 902 466 974 remissione
493 899 659 992 offense,
695 899 724 970 si
753 922 865 996 quam
894 901 1008 970 abbas
1036 899 1178 970 fecerat
1203 897 1264 970 vel

169 1001 342 1074 monachi
363 1001 592 1077 Casinenses
615 1011 707 1096 post
733 999 829 1070 inter
847 998 970 1095 ipsum
992 1009 1028 1068 et
1048 1021 1185 1095 papam
1206 1023 1263 1068 or-

171 1112 246 1172 tam
269 1091 503 1216 discordiam.
549 1103 591 1174 Et
611 1091 734 1172 littere
754 1099 825 1171 alie
845 1102 890 1170 ad
910 1099 1083 1172 homines
1104 1099 1263 1194 abbatie,

169 1213 209 1274 ut
234 1203 330 1274 sicut
356 1203 458 1301 prius
488 1201 608 1276 abbati
639 1211 674 1272 et
703 1199 899 1272 monachis
920 1199 1187 1272 Casinensibus
1207 1225 1263 1272 re-

169 1307 380 1416 spondeant
399 1314 435 1375 et
450 1305 654 1374 intendant
684 1301 838 1372 Terram
855 1311 969 1370 totam
988 1309 1024 1370 et
1038 1300 1119 1370 loca
1134 1325 1263 1372 mona-

169 1403 271 1476 sterii
299 1404 532 1516 ubicumque
550 1426 618 1500 per
644 1426 802 1497 regnum
830 1400 949 1496 posita
969 1400 1048 1470 Deo
1075 1410 1110 1470 et
1130 1404 1262 1472 beato

167 1505 369 1578 Benedicta
389 1503 560 1577 restituit.

243 1605 372 1678 Dictus
389 1602 613 1678 Albanensis
634 1602 832 1698 episcopus
854 1600 1008 1672 consilio
1029 1610 1065 1672 et
1084 1599 1262 1672 suasione

168 1705 350 1778 dictorum
388 1703 584 1778 cardinalis
622 1714 658 1774 et
690 1701 858 1797 magistri
892 1706 1025 1774 domus
1058 1702 1261 1798 Hospitalis

168 1807 470 1901 Teutonicorum,
497 1803 738 1916 permittente
764 1803 1012 1915 imperatore
1040 1817 1126 1874 c'um
1151 1802 1261 1900 Aqui·

168 1918 256 1982 nate
288 1919 326 1980 01
348 1907 604 2005 Aliphaueuse
632 1903 841 2002 episcopis
877 1914 914 1976 et
945 1928 1029 1974 cum
1059 1905 1261 2014 Campanis

168 2008 344 2080 militibus
371 2008 431 2104 qui
453 2031 494 2080 se
514 2031 598 2078 011111
618 2004 700 2101 ipso
719 2005 921 2078 Albanensi
942 2003 1175 2100 episcopum
1196 2006 1262 2078 Ca·

170 2109 251 2181 sino
271 2117 507 2205 receperant
534 2106 627 2177 salvi
648 2115 804 2199 exeunt3
832 2115 869 2176 et
887 2115 975 2175 tunc
994 2103 1178 2176 reddidit
1169 2105 1261 2216 ipsis

170 2208 358 2306 episcopis
380 2232 487 2280 suam
507 2206 665 2302 gratiam
685 2205 847 2301 imperat
849 2228 903 2315 or,
931 2214 967 2274 01
989 2205 1260 2277 monasterium

171 2333 215 2380 ac
241 2319 316 2380 1011
346 2318 444 2379 10111
473 2332 541 2378 sua
570 2329 657 2377 cure
678 2304 921 2376 committitur
939 2305 1077 2400 magist
1079 2329 1106 2374 rr
1063 2303 1261 2378 tdomus

170 2409 462 2482 Alamannorum
483 2406 635 2506 predict
627 2432 654 2500 ¹3
682 2405 743 2503 qui
760 2395 975 2577 t-quendam
988 2407 1033 2476 de
1063 2407 1173 2476 domu
1194 2430 1260 2478 sua

170 2511 325 2582 fratrem
343 2509 579 2582 Leonardum
600 2515 881 2605 procuratorem
902 2505 1091 2578 constituit
1111 2505 1262 2580 nomine

171 2635 239 2683 suo
259 2635 377 2706 usque
397 2613 441 2682 ad
462 2609 556 2681 redit
542 2619 619 2679 tum
641 2632 749 2679 suum
771 2611 815 2678 ab
833 2597 941 2679 Urbe.
974 2607 1028 2679 Ad
1048 2632 1166 2720 quarn·
1180 2608 1262 2704 ipse

171 2712 354 2806 magister
380 2713 512 2782 domus
541 2707 829 2780 Teutonicorum
859 2707 994 2777 iterum
1028 2707 1128 2778 vadit
1114 2707 1263 2779 tiussu

171 2812 408 2909 imperatoris
430 2836 500 2883 una
519 2834 603 2881 cum
619 2807 822 2881 Albanensi
838 2807 1016 2921 episcopo
1032 2832 1098 2905 pro
1115 2797 1263 2904 quibus-

170 2916 257 2986 dam
286 2911 475 3010 capitulis
502 2935 569 3008 pro
595 2909 762 3008 quibus
753 2909 991 3008 interipsum
1013 2918 1051 2981 et
1069 2909 1261 2982 domiuum

170 3039 306 3112 papam
328 3012 510 3086 discordia
532 3022 621 3083 erat.

245 3115 348 3186 Tunc
374 3115 409 3185 in
428 3114 589 3185 Venafro
609 3111 738 3185 Sernia
763 3119 799 3182 et
817 3111 944 3183 Teano
964 3111 1179 3206 pecuniario
1201 3134 1262 3182 ex·

172 3214 339 3286 actiones
353 3213 458 3287 fiunt.
453 3215 702 3310 imperatore
719 3215 930 3283 mandante.
964 3211 1003 3280 ln
1019 3210 1155 3283 Sancto
1172 3211 1262 3283 Ger-

170 3337 331 3386 manoe
333 3325 440 3411 tper
466 3325 581 3385 totam
609 3312 794 3385 abbatiam
814 3334 961 3380 annona
983 3333 1049 3404 pro
1070 3310 1175 3406 equis
1194 3311 1262 3382 im-

173 3425 279 3511 perat
282 3415 356 3484 oris
382 3413 542 3508 exigitur
569 3438 589 3483 a
615 3409 831 3482 camerariis
852 3410 1009 3482 ordinat
983 3419 1031 3481 tis
1052 3414 1097 3482 ab
1118 3433 1176 3503 eo
1204 3435 1263 3481 su·

172 3515 298 3610 perius
328 3513 541 3606 nominatis,
570 3517 613 3585 ab
640 3510 825 3583 universis
855 3510 998 3582 clericis
1025 3521 1122 3582 10110
1143 3511 1261 3584 sancti

171 3613 372 3702 Benedicti.

247 3695 428 3809 Magister
446 3713 610 3784 Thomas
633 3713 829 3784 cardinalis
850 3714 895 3784 de
916 3711 1054 3784 Sancto
1074 3713 1262 3784 Germano

173 3839 215 3888 se
248 3838 423 3908 movens,
461 3813 562 3884 vadit
589 3814 780 3886 Suessam.
834 3813 1042 3910 imperator
1074 3812 1263 3884 contendit

173 3918 354 4013 Capuam,
384 3915 442 3986 ubi
464 3939 552 3985 cum
572 3914 714 4009 ingenti
735 3913 870 4008 gaudio
891 3914 1014 3986 natale
1034 3912 1182 3984 Domini
1204 3936 1261 3985 ce-

171 4022 299 4096 lebrat.
353 4017 396 4088 Et
423 4026 511 4086 tunc
538 4015 675 4086 multos
704 4016 748 4085 de
774 4013 881 4106 Sora,
908 4013 967 4108 qui
997 4013 1131 4109 captivi
1160 4024 1262 4086 tene-

171 4127 304 4198 bantur
321 4117 471 4211 ibidem7
492 4139 560 4188 sue
580 4114 735 4186 reddidit
754 4113 923 4184 libertati.

169 4248 249 4319 1111.
273 4250 296 4303 1.

988 4327 1008 4392 7
