3352 5026
621 441 661 512 A.
693 440 798 512 1230.
1189 439 1256 510 101

168 643 336 717 collectus
360 641 586 734 presumat
574 661 773 731 inponere,
805 639 915 710 sulcis
942 635 1009 708 illis
1035 639 1127 708 serui
1128 640 1184 708 tiis
1128 638 1261 709 tud

168 770 234 840 qne
252 749 345 816 certe
364 739 507 812 ecclesie
524 739 578 810 uel
590 762 744 832 persone
762 745 923 810 tenentur
939 738 1041 809 nolis
1062 737 1262 832 specialiter

169 846 357 937 obblipute.
315 839 499 912 cenot·
518 842 552 910 in
571 841 701 911 castris
721 845 804 910 unte
823 840 1043 932 Ceperonum
1059 841 1117 912 24.
1133 840 1261 909 mensis

169 940 407 1038 Aupnstiind
428 943 460 1013 3.

245 1041 354 1112 Mittit
386 1040 498 1112 etiam
528 1063 617 1112 suos
645 1049 737 1111 nunt
739 1038 794 1112 ios
823 1049 860 1110 et
885 1038 1028 1110 litteras
1055 1041 1099 1110 ad
1127 1061 1261 1110 omnes

172 1141 341 1215 civitates
369 1151 406 1212 et
434 1151 555 1212 castra
584 1139 822 1212 dte-marchia
850 1163 922 1236 que
950 1139 1018 1212 sibi
1043 1137 1261 1211 fidelitatem

170 1245 351 1338 fecerantq
372 1246 440 1314 sub
460 1241 750 1312 comminatione
765 1238 1016 1335 diffidationis,
1036 1250 1074 1311 ut
1088 1243 1133 1311 ad
1148 1237 1260 1313 fidem

160 1348 328 1417 redeant
344 1343 514 1414 Romane
534 1341 694 1413 ecclesie
714 1351 752 1412 et
770 1341 988 1412 mandatum
1009 1340 1188 1413 eiusdem.
1217 1367 1219 1374 ¹

245 1445 377 1516 Mense
404 1441 651 1539 Septembris,
679 1441 798 1538 prima
827 1440 886 1512 die
914 1441 1055 1512 mensis
1079 1439 1348 1534 eiusdemsen

171 1570 233 1643 qur
225 1543 320 1616 fuit
338 1543 418 1615 dies
438 1541 659 1656 dominicus,
679 1565 786 1614 cesar
803 1541 980 1612 invitatus
1001 1566 1020 1612 a
1040 1565 1151 1638 papa
1178 1563 1262 1611 cum
1293 1521 1318 1573 ¹

173 1646 300 1717 esset
291 1671 327 1716 m
344 1643 476 1716 castris
492 1643 528 1713 in
544 1641 833 1740 pedertuagniea
847 1640 1049 1756 magnifice
1065 1641 1263 1722 comitatus

172 1771 193 1818 a
224 1735 471 1818 cardinalibus
500 1754 537 1815 et
563 1743 803 1816 nobilioribus
823 1743 982 1815 civitatis
1001 1742 1152 1814 intravit
1169 1744 1265 1814 Ana·

172 1845 313 1944 gaiam,
341 1856 377 1918 et
396 1869 440 1917 eo
460 1845 518 1916 die
538 1868 623 1916 cum
645 1868 741 1942 papa
762 1843 884 1918 sedit
875 1869 912 1914 m
932 1867 1079 1940 mensa⁷
1106 1854 1143 1916 et
1161 1843 1265 1916 solus

174 1971 259 2019 333333
287 1947 381 2042 solo,
408 1948 590 2042 magistro
616 1955 743 2016 tamen
763 1945 859 2016 Teut
844 1945 1053 2016 tonicorum
1073 1954 1266 2042 presente,

172 2047 210 2118 in
236 2048 360 2145 papali
384 2069 547 2138 33333333.
575 2045 731 2117 consilio
743 2046 864 2156 'longo
885 2069 926 2116 se
945 2057 1101 2117 tenuere
1121 2046 1200 2141 diu3
1229 2055 1267 2116 et

173 2147 232 2220 die
251 2148 339 2218 lune
359 2170 501 2242 sequen
505 2145 531 2216 ti
552 2169 636 2216 cum
656 2144 774 2240 gratia
795 2167 892 2242 pape
908 2155 945 2216 et
960 2101 1203 2217 cardinaliuni
1218 2148 1265 2216 ad

174 2257 300 2320 castra
319 2269 494 2318 reversus
516 2256 584 2317 est
621 2245 724 2317 'lunc
743 2245 897 2316 iohanni
917 2247 962 2316 de
981 2245 1059 2317 Poli
1079 2245 1267 2318 concessit

176 2347 395 2419 comitatum
428 2349 474 2418 313
501 2346 594 2418 Α1133
630 2355 782 2443 propter
816 2345 941 2418 civitat
944 2369 1003 2418 em
1035 2346 1267 2441 Fundanam,

174 2471 287 2546 qnam
303 2447 455 2520 abstulit
469 2445 516 2542 eia
537 2456 572 2518 et
586 2445 743 2518 reddidit
758 2471 842 2518 eam
857 2445 1045 2544 Roggerio
1062 2449 1106 2519 de
1122 2447 1266 2544 Aquila7

175 2549 535 2621 cumtotoFundano
552 2548 739 2620 comitatu.
767 2549 872 2620 Tunc
887 2549 999 2620 etiam
1015 2551 1129 2622 abbas
1141 2549 1267 2642 Sancti

161 2649 360 2721 ·Vincentii
393 2659 430 2720 et
456 2648 588 2746 prelati
616 2650 680 2746 qui
705 2648 920 2746 imperatori
950 2649 1176 2722 adherentes
1206 2674 1267 2721 ex·

177 2749 440 2821 communicati
459 2749 620 2845 fueraut⁷
648 2751 691 2820 ad
712 2773 845 2846 preces
865 2747 1101 2846 imperatoris
1130 2756 1267 2847 apapa

176 2851 335 2924 absoluti
356 2860 453 2923 sunt.
496 2850 705 2947 Imperator
722 2875 743 2921 3
762 2874 859 2947 papa
879 2849 1076 2922 discedens
1093 2849 1154 2941 ‘die
1173 2851 1269 2950 Mor·

164 2951 281 3046 curii,
309 2950 485 3050 applicuit
509 2950 569 3023 die
585 2951 691 3024 ¹lovis
718 2961 808 3048 aput
825 2951 1004 3024 Sanctum
1025 2951 1269 3045 Germanuma

176 3052 336 3150 indeque
362 3052 560 3125 discedens
586 3061 671 3150 post
691 3051 900 3150 prandium,
928 3056 995 3125 sub
1016 3053 1206 3125 celeritate
1226 3077 1268 3125 se

177 3155 344 3252 Capuam
365 3154 531 3245 contulit
559 3154 691 3226 exinde
711 3177 843 3226 versus
863 3153 1064 3250 Melphiam
1084 3155 1270 3251 prolectu-

170 3269 252 3327 rus.
290 3256 367 3325 Rex
387 3254 739 3326 Thessalonicensis
759 3253 847 3326 obiit
865 3254 1038 3350 bdelpliie
1078 3253 1211 3325 Prolati
1233 3265 1271 3326 et

177 3353 365 3452 principes
383 3354 633 3425 Alamannia
624 3379 661 3424 m
682 3373 750 3423 sua
770 3356 960 3423 recedunt.
1080 3375 1082 3380 ’

253 3451 496 3523 Belvacensis
524 3453 738 3548 episcopuS,
766 3451 827 3548 qui
853 3455 899 3523 de
921 3451 1038 3522 Gallia
1060 3462 1216 3524 venerat
1234 3451 1270 3523 in

180 3551 355 3622 auxilium
385 3551 576 3648 ecclesie,
586 3576 654 3650 per
677 3577 813 3651 papam
843 3554 914 3624 dux
934 3551 1074 3649 Spoleti
1102 3550 1270 3624 eflicitur.

255 3651 468 3744 Raynaldus
488 3655 560 3724 dux
578 3653 718 3750 Spoleti
740 3653 839 3724 vadit
825 3655 1109 3766 tlntroducum,
1129 3653 1188 3726 ubi
1210 3653 1272 3723 ali

180 3739 356 3848 quamdiu
372 3775 517 3824 moram
531 3752 715 3849 faciens⁷
707 3779 742 3824 m
758 3754 928 3850 Apuliam
945 3757 990 3825 ad
1006 3753 1271 3872 imperatorem

179 3851 284 3926 redit.

255 3954 386 4025 Mense
413 3949 633 4028 Novembris
662 3954 865 4050 Gregorius
896 3979 991 4052 papa
1024 3964 1223 4026 revocatus
1251 3978 1271 4024 3
1358 4001 1361 4008 -

182 4065 358 4126 senatore
384 4054 480 4126 redit
506 4058 550 4128 ad
577 4056 725 4128 Ur.bem
777 4056 917 4126 Eodem
939 4079 1071 4128 mense
1091 4054 1274 4151 magister

182 4153 402 4229 Guilielmus
431 4159 477 4229 de
496 4156 634 4229 Sancto
654 4155 843 4228 Germano
863 4156 987 4229 domni
1007 4180 1105 4255 pape
1125 4156 1272 4254 cappel-

182 4278 320 4348 a)Dalc.
