<?xml version="1.0" encoding="UTF-8"?>
<!DOCTYPE html PUBLIC "-//W3C//DTD XHTML 1.0 Transitional//EN"
    "http://www.w3.org/TR/xhtml1/DTD/xhtml1-transitional.dtd">
<html xmlns="http://www.w3.org/1999/xhtml" xml:lang="en" lang="en">
 <head>
  <title>
</title>
<meta http-equiv="Content-Type" content="text/html;charset=utf-8" />
  <meta name='ocr-system' content='tesseract 3.04.00' />
  <meta name='ocr-capabilities' content='ocr_page ocr_carea ocr_par ocr_line ocrx_word'/>
</head>
<body>
  <div class='ocr_page' id='page_1' title='image "./ryccardidesanct00ricagoog_0130.png"; bbox 0 0 3352 5026; ppageno 0'>
   <div class='ocr_carea' id='block_1_1' title="bbox 428 403 1320 480">
    <p class='ocr_par' dir='ltr' id='par_1_1' title="bbox 428 403 1320 480">
     <span class='ocr_line' id='line_1_1' title="bbox 428 403 1320 480; baseline 0 -2"><span class='ocrx_word' id='word_1_1' title='bbox 428 409 497 480; x_wconf 75' lang='lat'><strong><em>112</em></strong></span> <span class='ocrx_word' id='word_1_2' title='bbox 626 403 910 479; x_wconf 85' lang='lat' dir='ltr'><strong>RYCCARDUS</strong></span> <span class='ocrx_word' id='word_1_3' title='bbox 936 405 996 476; x_wconf 84' lang='lat' dir='ltr'><strong><em>DE</em></strong></span> <span class='ocrx_word' id='word_1_4' title='bbox 1025 405 1060 477; x_wconf 87' lang='lat' dir='ltr'><strong><em>S.</em></strong></span> <span class='ocrx_word' id='word_1_5' title='bbox 1089 403 1320 478; x_wconf 82' lang='lat' dir='ltr'><strong>GERMANO</strong></span> 
     </span>
    </p>
   </div>
   <div class='ocr_carea' id='block_1_2' title="bbox 424 605 1527 1703">
    <p class='ocr_par' dir='ltr' id='par_1_2' title="bbox 424 605 1527 1703">
     <span class='ocr_line' id='line_1_2' title="bbox 424 605 1523 700; baseline -0.004 -20"><span class='ocrx_word' id='word_1_6' title='bbox 424 607 489 680; x_wconf 89' lang='lat' dir='ltr'><strong><em>sub</em></strong></span> <span class='ocrx_word' id='word_1_7' title='bbox 508 606 637 679; x_wconf 91' lang='lat' dir='ltr'><strong><em>eisdem</em></strong></span> <span class='ocrx_word' id='word_1_8' title='bbox 655 605 871 700; x_wconf 81' lang='lat' dir='ltr'><em>ponderibus</em></span> <span class='ocrx_word' id='word_1_9' title='bbox 889 612 923 678; x_wconf 92' lang='lat' dir='ltr'><strong><em>et</em></strong></span> <span class='ocrx_word' id='word_1_10' title='bbox 939 608 1113 678; x_wconf 81' lang='lat' dir='ltr'><strong><em>mensuris</em></strong></span> <span class='ocrx_word' id='word_1_11' title='bbox 1131 607 1271 700; x_wconf 80' lang='lat' dir='ltr'><strong><em>nrnpnis</em></strong></span> <span class='ocrx_word' id='word_1_12' title='bbox 1290 606 1343 677; x_wconf 88' lang='lat' dir='ltr'><strong><em>vel</em></strong></span> <span class='ocrx_word' id='word_1_13' title='bbox 1356 606 1523 698; x_wconf 86' lang='lat' dir='ltr'><strong><em>minimis,</em></strong></span> 
     </span>
     <span class='ocr_line' id='line_1_3' title="bbox 427 704 1522 800; baseline -0.003 -21"><span class='ocrx_word' id='word_1_14' title='bbox 427 714 461 779; x_wconf 90' lang='lat' dir='ltr'><strong><em>et</em></strong></span> <span class='ocrx_word' id='word_1_15' title='bbox 487 707 552 779; x_wconf 90' lang='lat' dir='ltr'><strong><em>snb</em></strong></span> <span class='ocrx_word' id='word_1_16' title='bbox 576 705 706 778; x_wconf 70' lang='lat' dir='ltr'><strong><em>endem</em></strong></span> <span class='ocrx_word' id='word_1_17' title='bbox 731 709 868 798; x_wconf 87' lang='lat' dir='ltr'><strong><em>cannis,</em></strong></span> <span class='ocrx_word' id='word_1_18' title='bbox 895 729 961 800; x_wconf 83' lang='lat' dir='ltr'><strong><em>que</em></strong></span> <span class='ocrx_word' id='word_1_19' title='bbox 986 709 1072 799; x_wconf 88' lang='lat' dir='ltr'><strong><em>ipsis</em></strong></span> <span class='ocrx_word' id='word_1_20' title='bbox 1097 709 1200 778; x_wconf 87' lang='lat' dir='ltr'><strong><em>curin</em></strong></span> <span class='ocrx_word' id='word_1_21' title='bbox 1227 713 1354 778; x_wconf 90' lang='lat' dir='ltr'><strong><em>nostra</em></strong></span> <span class='ocrx_word' id='word_1_22' title='bbox 1374 704 1522 798; x_wconf 75' lang='lat' dir='ltr'><strong><em>dederit,</em></strong></span> 
     </span>
     <span class='ocr_line' id='line_1_4' title="bbox 425 806 1521 898; baseline 0 -20"><span class='ocrx_word' id='word_1_23' title='bbox 425 806 578 879; x_wconf 86' lang='lat' dir='ltr'><strong><em>vendere</em></strong></span> <span class='ocrx_word' id='word_1_24' title='bbox 602 807 764 879; x_wconf 90' lang='lat' dir='ltr'><strong><em>volumus</em></strong></span> <span class='ocrx_word' id='word_1_25' title='bbox 787 830 921 884; x_wconf 85' lang='lat' dir='ltr'><strong><em>merces</em></strong></span> <span class='ocrx_word' id='word_1_26' title='bbox 946 829 1053 895; x_wconf 69' lang='lat' dir='ltr'><strong><em>suns,</em></strong></span> <span class='ocrx_word' id='word_1_27' title='bbox 1080 809 1133 878; x_wconf 88' lang='lat' dir='ltr'><strong><em>itn</em></strong></span> <span class='ocrx_word' id='word_1_28' title='bbox 1150 813 1282 898; x_wconf 86' lang='lat' dir='ltr'><strong><em>tamen,</em></strong></span> <span class='ocrx_word' id='word_1_29' title='bbox 1309 812 1349 876; x_wconf 92' lang='lat' dir='ltr'><strong><em>ut</em></strong></span> <span class='ocrx_word' id='word_1_30' title='bbox 1366 829 1409 876; x_wconf 82' lang='lat' dir='ltr'><strong><em>en</em></strong></span> <span class='ocrx_word' id='word_1_31' title='bbox 1426 829 1521 878; x_wconf 79' lang='lat' dir='ltr'><strong><em>erren-</em></strong></span> 
     </span>
     <span class='ocr_line' id='line_1_5' title="bbox 426 905 1525 1000; baseline -0.005 -18"><span class='ocrx_word' id='word_1_32' title='bbox 426 910 521 982; x_wconf 76' lang='lat' dir='ltr'><strong><em>suris</em></strong></span> <span class='ocrx_word' id='word_1_33' title='bbox 546 908 742 978; x_wconf 88' lang='lat' dir='ltr'><strong><em>maioribus</em></strong></span> <span class='ocrx_word' id='word_1_34' title='bbox 767 910 801 977; x_wconf 88' lang='lat' dir='ltr'><strong><em>in</em></strong></span> <span class='ocrx_word' id='word_1_35' title='bbox 826 909 913 997; x_wconf 86' lang='lat' dir='ltr'><strong><em>iure,</em></strong></span> <span class='ocrx_word' id='word_1_36' title='bbox 941 907 1038 1000; x_wconf 86' lang='lat' dir='ltr'><strong><em>quod</em></strong></span> <span class='ocrx_word' id='word_1_37' title='bbox 1065 931 1107 978; x_wconf 82' lang='lat' dir='ltr'><strong><em>en</em></strong></span> <span class='ocrx_word' id='word_1_38' title='bbox 1135 909 1183 978; x_wconf 90' lang='lat' dir='ltr'><strong><em>eis</em></strong></span> <span class='ocrx_word' id='word_1_39' title='bbox 1212 907 1307 978; x_wconf 90' lang='lat' dir='ltr'><strong><em>curie</em></strong></span> <span class='ocrx_word' id='word_1_40' title='bbox 1331 911 1450 978; x_wconf 83' lang='lat' dir='ltr'><strong><em>nostre</em></strong></span> <span class='ocrx_word' id='word_1_41' title='bbox 1468 905 1525 976; x_wconf 88' lang='lat' dir='ltr'><strong><em>vel</em></strong></span> 
     </span>
     <span class='ocr_line' id='line_1_6' title="bbox 426 1004 1523 1098; baseline -0.003 -19"><span class='ocrx_word' id='word_1_42' title='bbox 426 1008 567 1080; x_wconf 77' lang='lat' dir='ltr'><strong><em>cuilibet</em></strong></span> <span class='ocrx_word' id='word_1_43' title='bbox 594 1007 664 1078; x_wconf 88' lang='lat' dir='ltr'><strong><em>toci</em></strong></span> <span class='ocrx_word' id='word_1_44' title='bbox 695 1005 839 1078; x_wconf 89' lang='lat' dir='ltr'><strong><em>domino</em></strong></span> <span class='ocrx_word' id='word_1_45' title='bbox 871 1005 1084 1098; x_wconf 87' lang='lat' dir='ltr'><strong><em>debebatur,</em></strong></span> <span class='ocrx_word' id='word_1_46' title='bbox 1125 1006 1257 1078; x_wconf 87' lang='lat' dir='ltr'><strong><em>nullum</em></strong></span> <span class='ocrx_word' id='word_1_47' title='bbox 1290 1004 1523 1080; x_wconf 86' lang='lat' dir='ltr'><strong><em>collatoribus</em></strong></span> 
     </span>
     <span class='ocr_line' id='line_1_7' title="bbox 429 1105 1525 1200; baseline -0.005 -20"><span class='ocrx_word' id='word_1_48' title='bbox 429 1109 625 1200; x_wconf 87' lang='lat' dir='ltr'><strong><em>dampnum</em></strong></span> <span class='ocrx_word' id='word_1_49' title='bbox 655 1105 708 1176; x_wconf 88' lang='lat' dir='ltr'><strong><em>nel</em></strong></span> <span class='ocrx_word' id='word_1_50' title='bbox 732 1105 965 1198; x_wconf 87' lang='lat' dir='ltr'><strong><em>preiudicium</em></strong></span> <span class='ocrx_word' id='word_1_51' title='bbox 994 1109 1184 1198; x_wconf 76' lang='lat' dir='ltr'><strong><em>afferatur,</em></strong></span> <span class='ocrx_word' id='word_1_52' title='bbox 1212 1113 1245 1178; x_wconf 91' lang='lat' dir='ltr'><strong><em>et</em></strong></span> <span class='ocrx_word' id='word_1_53' title='bbox 1266 1130 1334 1198; x_wconf 91' lang='lat' dir='ltr'><strong><em>pro</em></strong></span> <span class='ocrx_word' id='word_1_54' title='bbox 1359 1107 1525 1198; x_wconf 78' lang='lat' dir='ltr'><strong><em>portione</em></strong></span> 
     </span>
     <span class='ocr_line' id='line_1_8' title="bbox 425 1205 1524 1301; baseline -0.001 -24"><span class='ocrx_word' id='word_1_55' title='bbox 425 1209 559 1301; x_wconf 87' lang='lat' dir='ltr'><strong><em>prioris</em></strong></span> <span class='ocrx_word' id='word_1_56' title='bbox 585 1208 734 1277; x_wconf 89' lang='lat' dir='ltr'><strong><em>minaris</em></strong></span> <span class='ocrx_word' id='word_1_57' title='bbox 759 1229 923 1278; x_wconf 80' lang='lat' dir='ltr'><strong><em>mensure</em></strong></span> <span class='ocrx_word' id='word_1_58' title='bbox 951 1205 1135 1300; x_wconf 80' lang='lat' dir='ltr'><strong><em>dilipenter</em></strong></span> <span class='ocrx_word' id='word_1_59' title='bbox 1162 1212 1317 1296; x_wconf 77' lang='lat' dir='ltr'><strong><em>nitente,</em></strong></span> <span class='ocrx_word' id='word_1_60' title='bbox 1344 1228 1417 1278; x_wconf 88' lang='lat' dir='ltr'><strong><em>non</em></strong></span> <span class='ocrx_word' id='word_1_61' title='bbox 1443 1205 1524 1298; x_wconf 87' lang='lat' dir='ltr'><strong><em>plus</em></strong></span> 
     </span>
     <span class='ocr_line' id='line_1_9' title="bbox 427 1305 1524 1400; baseline -0.002 -22"><span class='ocrx_word' id='word_1_62' title='bbox 427 1307 600 1400; x_wconf 86' lang='lat' dir='ltr'><strong><em>solvatur,</em></strong></span> <span class='ocrx_word' id='word_1_63' title='bbox 620 1307 688 1377; x_wconf 88' lang='lat' dir='ltr'><strong><em>nisi</em></strong></span> <span class='ocrx_word' id='word_1_64' title='bbox 705 1312 875 1399; x_wconf 85' lang='lat' dir='ltr'><strong><em>quantum</em></strong></span> <span class='ocrx_word' id='word_1_65' title='bbox 889 1309 1052 1398; x_wconf 86' lang='lat' dir='ltr'><strong><em>primitus</em></strong></span> <span class='ocrx_word' id='word_1_66' title='bbox 1065 1306 1279 1378; x_wconf 76' lang='lat' dir='ltr'><strong><em>solvebatur.</em></strong></span> <span class='ocrx_word' id='word_1_67' title='bbox 1312 1305 1402 1378; x_wconf 82' lang='lat' dir='ltr'><strong><em>illud</em></strong></span> <span class='ocrx_word' id='word_1_68' title='bbox 1416 1307 1524 1376; x_wconf 90' lang='lat' dir='ltr'><strong><em>etinm</em></strong></span> 
     </span>
     <span class='ocr_line' id='line_1_10' title="bbox 427 1405 1526 1500; baseline -0.002 -22"><span class='ocrx_word' id='word_1_69' title='bbox 427 1409 582 1500; x_wconf 80' lang='lat' dir='ltr'><strong><em>presenti</em></strong></span> <span class='ocrx_word' id='word_1_70' title='bbox 600 1408 841 1478; x_wconf 86' lang='lat' dir='ltr'><strong><em>constitutioni</em></strong></span> <span class='ocrx_word' id='word_1_71' title='bbox 857 1413 977 1478; x_wconf 89' lang='lat' dir='ltr'><strong><em>nostre</em></strong></span> <span class='ocrx_word' id='word_1_72' title='bbox 996 1408 1267 1500; x_wconf 82' lang='lat' dir='ltr'><strong><em>coniunpimus,</em></strong></span> <span class='ocrx_word' id='word_1_73' title='bbox 1281 1412 1318 1477; x_wconf 91' lang='lat' dir='ltr'><strong><em>ut</em></strong></span> <span class='ocrx_word' id='word_1_74' title='bbox 1338 1405 1526 1478; x_wconf 85' lang='lat' dir='ltr'><strong><em>vendentes</em></strong></span> 
     </span>
     <span class='ocr_line' id='line_1_11' title="bbox 427 1505 1527 1602; baseline -0.005 -22"><span class='ocrx_word' id='word_1_75' title='bbox 427 1531 571 1602; x_wconf 90' lang='lat' dir='ltr'><strong><em>pannos</em></strong></span> <span class='ocrx_word' id='word_1_76' title='bbox 599 1509 837 1600; x_wconf 88' lang='lat' dir='ltr'><strong><em>inposterum</em></strong></span> <span class='ocrx_word' id='word_1_77' title='bbox 865 1508 962 1599; x_wconf 92' lang='lat' dir='ltr'><strong><em>ipsas</em></strong></span> <span class='ocrx_word' id='word_1_78' title='bbox 987 1507 1083 1578; x_wconf 89' lang='lat' dir='ltr'><strong><em>ultra</em></strong></span> <span class='ocrx_word' id='word_1_79' title='bbox 1111 1529 1182 1578; x_wconf 90' lang='lat' dir='ltr'><strong><em>non</em></strong></span> <span class='ocrx_word' id='word_1_80' title='bbox 1205 1505 1431 1596; x_wconf 84' lang='lat' dir='ltr'><strong><em>abstrabunt,</em></strong></span> <span class='ocrx_word' id='word_1_81' title='bbox 1457 1507 1527 1577; x_wconf 86' lang='lat' dir='ltr'><strong><em>nisi</em></strong></span> 
     </span>
     <span class='ocr_line' id='line_1_12' title="bbox 430 1605 1527 1703; baseline -0.002 -25"><span class='ocrx_word' id='word_1_82' title='bbox 430 1614 601 1703; x_wconf 79' lang='lat' dir='ltr'><strong><em>quantum</em></strong></span> <span class='ocrx_word' id='word_1_83' title='bbox 628 1613 663 1678; x_wconf 88' lang='lat' dir='ltr'><strong><em>et</em></strong></span> <span class='ocrx_word' id='word_1_84' title='bbox 685 1613 861 1700; x_wconf 85' lang='lat' dir='ltr'><strong><em>quatenus</em></strong></span> <span class='ocrx_word' id='word_1_85' title='bbox 887 1630 1006 1679; x_wconf 89' lang='lat' dir='ltr'><strong><em>cnnrrn</em></strong></span> <span class='ocrx_word' id='word_1_86' title='bbox 1032 1607 1266 1700; x_wconf 87' lang='lat' dir='ltr'><strong><em>protenditur,</em></strong></span> <span class='ocrx_word' id='word_1_87' title='bbox 1294 1613 1345 1677; x_wconf 89' lang='lat' dir='ltr'><strong><em>set</em></strong></span> <span class='ocrx_word' id='word_1_88' title='bbox 1369 1607 1444 1677; x_wconf 86' lang='lat' dir='ltr'><strong><em>sine</em></strong></span> <span class='ocrx_word' id='word_1_89' title='bbox 1463 1605 1527 1676; x_wconf 91' lang='lat' dir='ltr'><strong><em>ab·</em></strong></span> 
     </span>
    </p>
   </div>
   <div class='ocr_carea' id='block_1_3' title="bbox 429 1706 1527 1800">
    <p class='ocr_par' dir='ltr' id='par_1_3' title="bbox 429 1706 1527 1800">
     <span class='ocr_line' id='line_1_13' title="bbox 429 1706 1527 1800; baseline 0 -22"><span class='ocrx_word' id='word_1_90' title='bbox 429 1709 636 1779; x_wconf 82' lang='lat' dir='ltr'><strong><em>structionis</em></strong></span> <span class='ocrx_word' id='word_1_91' title='bbox 664 1706 786 1800; x_wconf 84' lang='lat' dir='ltr'><strong><em>alique</em></strong></span> <span class='ocrx_word' id='word_1_92' title='bbox 809 1706 986 1799; x_wconf 85' lang='lat' dir='ltr'><strong><em>violentia,</em></strong></span> <span class='ocrx_word' id='word_1_93' title='bbox 1012 1709 1103 1779; x_wconf 87' lang='lat' dir='ltr'><strong><em>sicut</em></strong></span> <span class='ocrx_word' id='word_1_94' title='bbox 1126 1707 1250 1786; x_wconf 88' lang='lat' dir='ltr'><strong><em>melius</em></strong></span> <span class='ocrx_word' id='word_1_95' title='bbox 1268 1729 1346 1778; x_wconf 84' lang='lat' dir='ltr'><strong><em>cum</em></strong></span> <span class='ocrx_word' id='word_1_96' title='bbox 1366 1712 1527 1799; x_wconf 82' lang='lat' dir='ltr'><strong><em>emptore</em></strong></span> 
     </span>
    </p>
   </div>
   <div class='ocr_carea' id='block_1_4' title="bbox 429 1806 1540 4206">
    <p class='ocr_par' dir='ltr' id='par_1_4' title="bbox 430 1806 1528 1998">
     <span class='ocr_line' id='line_1_14' title="bbox 430 1806 1528 1898; baseline 0 -20"><span class='ocrx_word' id='word_1_97' title='bbox 430 1809 617 1878; x_wconf 86' lang='lat' dir='ltr'><strong><em>convenire</em></strong></span> <span class='ocrx_word' id='word_1_98' title='bbox 632 1813 808 1898; x_wconf 87' lang='lat' dir='ltr'><strong><em>poterunt,</em></strong></span> <span class='ocrx_word' id='word_1_99' title='bbox 828 1806 928 1876; x_wconf 88' lang='lat' dir='ltr'><strong><em>nulla</em></strong></span> <span class='ocrx_word' id='word_1_100' title='bbox 947 1807 1022 1877; x_wconf 91' lang='lat' dir='ltr'><strong><em>alin</em></strong></span> <span class='ocrx_word' id='word_1_101' title='bbox 1040 1807 1172 1890; x_wconf 79' lang='lat' dir='ltr'><strong><em>fraude</em></strong></span> <span class='ocrx_word' id='word_1_102' title='bbox 1193 1807 1246 1878; x_wconf 91' lang='lat' dir='ltr'><strong><em>vel</em></strong></span> <span class='ocrx_word' id='word_1_103' title='bbox 1261 1806 1528 1878; x_wconf 81' lang='lat' dir='ltr'><strong><em>rnaclrinntiarre</em></strong></span> 
     </span>
     <span class='ocr_line' id='line_1_15' title="bbox 431 1906 1327 1998; baseline 0 -22"><span class='ocrx_word' id='word_1_104' title='bbox 431 1906 602 1998; x_wconf 83' lang='lat' dir='ltr'><strong><em>adhibite,</em></strong></span> <span class='ocrx_word' id='word_1_105' title='bbox 628 1928 770 1998; x_wconf 80' lang='lat' dir='ltr'><strong><em>perurens</em></strong></span> <span class='ocrx_word' id='word_1_106' title='bbox 788 1915 885 1998; x_wconf 88' lang='lat' dir='ltr'><strong><em>ipsos</em></strong></span> <span class='ocrx_word' id='word_1_107' title='bbox 904 1907 1053 1977; x_wconf 90' lang='lat' dir='ltr'><strong><em>vendere</em></strong></span> <span class='ocrx_word' id='word_1_108' title='bbox 1070 1907 1327 1998; x_wconf 79' lang='lat' dir='ltr'><strong><em>prracurabunt.</em></strong></span> 
     </span>
    </p>

    <p class='ocr_par' dir='ltr' id='par_1_5' title="bbox 429 2001 1532 3202">
     <span class='ocr_line' id='line_1_16' title="bbox 505 2001 1525 2101; baseline 0 -25"><span class='ocrx_word' id='word_1_109' title='bbox 505 2005 608 2078; x_wconf 84' lang='lat' dir='ltr'><strong><em>Idem</em></strong></span> <span class='ocrx_word' id='word_1_110' title='bbox 642 2001 885 2101; x_wconf 63' lang='lat' dir='ltr'><strong><em>augustustt:</em></strong></span> <span class='ocrx_word' id='word_1_111' title='bbox 922 2004 976 2077; x_wconf 78' lang='lat' dir='ltr'><strong><em>Ad</em></strong></span> <span class='ocrx_word' id='word_1_112' title='bbox 1002 2006 1157 2101; x_wconf 79' lang='lat' dir='ltr'><strong><em>lepitima</em></strong></span> <span class='ocrx_word' id='word_1_113' title='bbox 1183 2007 1346 2100; x_wconf 87' lang='lat' dir='ltr'><strong><em>pandera</em></strong></span> <span class='ocrx_word' id='word_1_114' title='bbox 1369 2012 1404 2076; x_wconf 90' lang='lat' dir='ltr'><strong><em>et</em></strong></span> <span class='ocrx_word' id='word_1_115' title='bbox 1429 2028 1525 2076; x_wconf 88' lang='lat' dir='ltr'><strong><em>rnen·</em></strong></span> 
     </span>
     <span class='ocr_line' id='line_1_17' title="bbox 430 2105 1526 2200; baseline -0.002 -23"><span class='ocrx_word' id='word_1_116' title='bbox 430 2130 539 2178; x_wconf 81' lang='lat' dir='ltr'><strong><em>suras</em></strong></span> <span class='ocrx_word' id='word_1_117' title='bbox 572 2130 705 2176; x_wconf 89' lang='lat' dir='ltr'><strong><em>merces</em></strong></span> <span class='ocrx_word' id='word_1_118' title='bbox 738 2106 912 2200; x_wconf 85' lang='lat' dir='ltr'><strong><em>quaslibet</em></strong></span> <span class='ocrx_word' id='word_1_119' title='bbox 943 2106 1092 2178; x_wconf 89' lang='lat' dir='ltr'><strong><em>vendere</em></strong></span> <span class='ocrx_word' id='word_1_120' title='bbox 1122 2107 1283 2180; x_wconf 89' lang='lat' dir='ltr'><strong><em>volumus</em></strong></span> <span class='ocrx_word' id='word_1_121' title='bbox 1314 2105 1526 2178; x_wconf 82' lang='lat' dir='ltr'><strong><em>venditores.</em></strong></span> 
     </span>
     <span class='ocr_line' id='line_1_18' title="bbox 433 2206 1527 2301; baseline -0.001 -25"><span class='ocrx_word' id='word_1_122' title='bbox 433 2207 648 2301; x_wconf 82' lang='lat' dir='ltr'><strong><em>Quicumque</em></strong></span> <span class='ocrx_word' id='word_1_123' title='bbox 666 2213 783 2278; x_wconf 90' lang='lat' dir='ltr'><strong><em>autem</em></strong></span> <span class='ocrx_word' id='word_1_124' title='bbox 802 2206 998 2289; x_wconf 76' lang='lat' dir='ltr'><strong><em>fnlsitatem</em></strong></span> <span class='ocrx_word' id='word_1_125' title='bbox 1018 2214 1050 2278; x_wconf 88' lang='lat' dir='ltr'><strong><em>et</em></strong></span> <span class='ocrx_word' id='word_1_126' title='bbox 1067 2207 1235 2293; x_wconf 75' lang='lat' dir='ltr'><strong><em>trerudem</em></strong></span> <span class='ocrx_word' id='word_1_127' title='bbox 1256 2207 1367 2278; x_wconf 87' lang='lat' dir='ltr'><strong><em>oliam</em></strong></span> <span class='ocrx_word' id='word_1_128' title='bbox 1381 2209 1417 2276; x_wconf 88' lang='lat' dir='ltr'><strong><em>in</em></strong></span> <span class='ocrx_word' id='word_1_129' title='bbox 1431 2229 1527 2276; x_wconf 90' lang='lat' dir='ltr'><strong><em>men·</em></strong></span> 
     </span>
     <span class='ocr_line' id='line_1_19' title="bbox 431 2307 1527 2401; baseline 0 -23"><span class='ocrx_word' id='word_1_130' title='bbox 431 2309 524 2378; x_wconf 90' lang='lat' dir='ltr'><strong><em>suris</em></strong></span> <span class='ocrx_word' id='word_1_131' title='bbox 544 2313 650 2401; x_wconf 80' lang='lat' dir='ltr'><strong><em>atque</em></strong></span> <span class='ocrx_word' id='word_1_132' title='bbox 663 2307 883 2399; x_wconf 79' lang='lat' dir='ltr'><strong><em>ponderibus</em></strong></span> <span class='ocrx_word' id='word_1_133' title='bbox 903 2307 956 2378; x_wconf 90' lang='lat' dir='ltr'><strong><em>vel</em></strong></span> <span class='ocrx_word' id='word_1_134' title='bbox 973 2311 1098 2380; x_wconf 87' lang='lat' dir='ltr'><strong><em>connis</em></strong></span> <span class='ocrx_word' id='word_1_135' title='bbox 1116 2311 1276 2380; x_wconf 85' lang='lat' dir='ltr'><strong><em>inventus</em></strong></span> <span class='ocrx_word' id='word_1_136' title='bbox 1298 2309 1408 2392; x_wconf 81' lang='lat' dir='ltr'><strong><em>fuerit</em></strong></span> <span class='ocrx_word' id='word_1_137' title='bbox 1432 2330 1527 2378; x_wconf 90' lang='lat' dir='ltr'><strong><em>cam·</em></strong></span> 
     </span>
     <span class='ocr_line' id='line_1_20' title="bbox 433 2408 1529 2500; baseline -0.001 -23"><span class='ocrx_word' id='word_1_138' title='bbox 433 2410 579 2495; x_wconf 87' lang='lat' dir='ltr'><strong><em>misisse,</em></strong></span> <span class='ocrx_word' id='word_1_139' title='bbox 600 2413 663 2478; x_wconf 89' lang='lat' dir='ltr'><strong><em>nut</em></strong></span> <span class='ocrx_word' id='word_1_140' title='bbox 682 2409 740 2500; x_wconf 83' lang='lat' dir='ltr'><strong><em>qui</em></strong></span> <span class='ocrx_word' id='word_1_141' title='bbox 755 2431 899 2500; x_wconf 86' lang='lat' dir='ltr'><strong><em>pannas</em></strong></span> <span class='ocrx_word' id='word_1_142' title='bbox 919 2409 1147 2499; x_wconf 77' lang='lat' dir='ltr'><strong><em>abstraxerit,</em></strong></span> <span class='ocrx_word' id='word_1_143' title='bbox 1167 2432 1278 2479; x_wconf 89' lang='lat' dir='ltr'><strong><em>unam</em></strong></span> <span class='ocrx_word' id='word_1_144' title='bbox 1295 2408 1425 2480; x_wconf 88' lang='lat' dir='ltr'><strong><em>libram</em></strong></span> <span class='ocrx_word' id='word_1_145' title='bbox 1445 2408 1529 2477; x_wconf 90' lang='lat' dir='ltr'><strong><em>nuri</em></strong></span> 
     </span>
     <span class='ocr_line' id='line_1_21' title="bbox 429 2508 1528 2603; baseline 0.001 -27"><span class='ocrx_word' id='word_1_146' title='bbox 429 2509 615 2601; x_wconf 86' lang='lat' dir='ltr'><strong><em>purissimi</em></strong></span> <span class='ocrx_word' id='word_1_147' title='bbox 641 2511 738 2600; x_wconf 77' lang='lat' dir='ltr'><strong><em>(isca</em></strong></span> <span class='ocrx_word' id='word_1_148' title='bbox 754 2513 877 2578; x_wconf 91' lang='lat' dir='ltr'><strong><em>nostro</em></strong></span> <span class='ocrx_word' id='word_1_149' title='bbox 906 2517 1119 2602; x_wconf 78' lang='lat' dir='ltr'><strong><em>corrrpanat5</em></strong></span> <span class='ocrx_word' id='word_1_150' title='bbox 1151 2511 1313 2603; x_wconf 86' lang='lat' dir='ltr'><strong><em>quamsi</em></strong></span> <span class='ocrx_word' id='word_1_151' title='bbox 1339 2508 1429 2579; x_wconf 88' lang='lat' dir='ltr'><strong><em>dare</em></strong></span> <span class='ocrx_word' id='word_1_152' title='bbox 1455 2531 1528 2578; x_wconf 90' lang='lat' dir='ltr'><strong><em>non</em></strong></span> 
     </span>
     <span class='ocr_line' id='line_1_22' title="bbox 432 2606 1530 2702; baseline 0.002 -26"><span class='ocrx_word' id='word_1_153' title='bbox 432 2609 572 2700; x_wconf 83' lang='lat' dir='ltr'><strong><em>poterit,</em></strong></span> <span class='ocrx_word' id='word_1_154' title='bbox 600 2606 880 2699; x_wconf 81' lang='lat' dir='ltr'><strong><em>condempnatus</em></strong></span> <span class='ocrx_word' id='word_1_155' title='bbox 907 2633 986 2679; x_wconf 89' lang='lat' dir='ltr'><strong><em>enm</em></strong></span> <span class='ocrx_word' id='word_1_156' title='bbox 1013 2609 1170 2702; x_wconf 88' lang='lat' dir='ltr'><strong><em>pondere</em></strong></span> <span class='ocrx_word' id='word_1_157' title='bbox 1194 2632 1257 2682; x_wconf 91' lang='lat' dir='ltr'><strong><em>seu</em></strong></span> <span class='ocrx_word' id='word_1_158' title='bbox 1282 2629 1452 2680; x_wconf 90' lang='lat' dir='ltr'><strong><em>mensuro</em></strong></span> <span class='ocrx_word' id='word_1_159' title='bbox 1477 2606 1530 2678; x_wconf 91' lang='lat' dir='ltr'><strong><em>nd</em></strong></span> 
     </span>
     <span class='ocr_line' id='line_1_23' title="bbox 435 2707 1528 2803; baseline -0.002 -25"><span class='ocrx_word' id='word_1_160' title='bbox 435 2707 562 2778; x_wconf 91' lang='lat' dir='ltr'><strong><em>collum</em></strong></span> <span class='ocrx_word' id='word_1_161' title='bbox 591 2709 664 2780; x_wconf 87' lang='lat' dir='ltr'><strong><em>eius</em></strong></span> <span class='ocrx_word' id='word_1_162' title='bbox 691 2710 858 2800; x_wconf 81' lang='lat' dir='ltr'><strong><em>appensis</em></strong></span> <span class='ocrx_word' id='word_1_163' title='bbox 886 2711 920 2779; x_wconf 91' lang='lat' dir='ltr'><strong><em>in</em></strong></span> <span class='ocrx_word' id='word_1_164' title='bbox 946 2711 1002 2780; x_wconf 88' lang='lat' dir='ltr'><strong><em>sui</em></strong></span> <span class='ocrx_word' id='word_1_165' title='bbox 1024 2735 1153 2802; x_wconf 82' lang='lat' dir='ltr'><strong><em>perram</em></strong></span> <span class='ocrx_word' id='word_1_166' title='bbox 1174 2709 1395 2803; x_wconf 85' lang='lat' dir='ltr'><strong><em>aliorumque</em></strong></span> <span class='ocrx_word' id='word_1_167' title='bbox 1414 2731 1528 2779; x_wconf 82' lang='lat' dir='ltr'><strong><em>evene-</em></strong></span> 
     </span>
     <span class='ocr_line' id='line_1_24' title="bbox 433 2807 1530 2901; baseline 0.001 -23"><span class='ocrx_word' id='word_1_168' title='bbox 433 2807 530 2900; x_wconf 88' lang='lat' dir='ltr'><strong><em>plum</em></strong></span> <span class='ocrx_word' id='word_1_169' title='bbox 555 2831 619 2900; x_wconf 87' lang='lat' dir='ltr'><strong><em>per</em></strong></span> <span class='ocrx_word' id='word_1_170' title='bbox 643 2815 797 2900; x_wconf 87' lang='lat' dir='ltr'><strong><em>terram,</em></strong></span> <span class='ocrx_word' id='word_1_171' title='bbox 825 2811 860 2878; x_wconf 91' lang='lat' dir='ltr'><strong><em>in</em></strong></span> <span class='ocrx_word' id='word_1_172' title='bbox 888 2832 960 2901; x_wconf 83' lang='lat' dir='ltr'><strong><em>qua</em></strong></span> <span class='ocrx_word' id='word_1_173' title='bbox 981 2809 1148 2892; x_wconf 79' lang='lat' dir='ltr'><strong><em>frerudem</em></strong></span> <span class='ocrx_word' id='word_1_174' title='bbox 1175 2811 1365 2900; x_wconf 73' lang='lat' dir='ltr'><strong><em>conteruisti,</em></strong></span> <span class='ocrx_word' id='word_1_175' title='bbox 1391 2807 1530 2900; x_wconf 84' lang='lat' dir='ltr'><strong><em>publice</em></strong></span> 
     </span>
     <span class='ocr_line' id='line_1_25' title="bbox 434 2909 1531 3002; baseline 0 -24"><span class='ocrx_word' id='word_1_176' title='bbox 434 2909 633 3002; x_wconf 69' lang='lat' dir='ltr'><strong><em>(eclipsim,</em></strong></span> <span class='ocrx_word' id='word_1_177' title='bbox 662 2932 771 2980; x_wconf 87' lang='lat' dir='ltr'><strong><em>runnu</em></strong></span> <span class='ocrx_word' id='word_1_178' title='bbox 798 2909 828 2976; x_wconf 93' lang='lat' dir='ltr'><strong><em>ei</em></strong></span> <span class='ocrx_word' id='word_1_179' title='bbox 848 2910 879 2978; x_wconf 92' lang='lat' dir='ltr'><strong><em>si</em></strong></span> <span class='ocrx_word' id='word_1_180' title='bbox 896 2909 1051 2978; x_wconf 91' lang='lat' dir='ltr'><strong><em>secundo</em></strong></span> <span class='ocrx_word' id='word_1_181' title='bbox 1071 2909 1309 2999; x_wconf 81' lang='lat' dir='ltr'><strong><em>deprehensus</em></strong></span> <span class='ocrx_word' id='word_1_182' title='bbox 1326 2911 1433 2992; x_wconf 76' lang='lat' dir='ltr'><strong><em>tuerit</em></strong></span> <span class='ocrx_word' id='word_1_183' title='bbox 1452 2931 1531 2978; x_wconf 91' lang='lat' dir='ltr'><strong><em>nm·</em></strong></span> 
     </span>
     <span class='ocr_line' id='line_1_26' title="bbox 433 3007 1532 3100; baseline 0.002 -22"><span class='ocrx_word' id='word_1_184' title='bbox 433 3007 620 3100; x_wconf 68' lang='lat' dir='ltr'><strong><em>putanda,</em></strong></span> <span class='ocrx_word' id='word_1_185' title='bbox 648 3015 682 3079; x_wconf 91' lang='lat' dir='ltr'><strong><em>et</em></strong></span> <span class='ocrx_word' id='word_1_186' title='bbox 702 3009 733 3077; x_wconf 89' lang='lat' dir='ltr'><strong><em>si</em></strong></span> <span class='ocrx_word' id='word_1_187' title='bbox 757 3009 858 3076; x_wconf 90' lang='lat' dir='ltr'><strong><em>tertio</em></strong></span> <span class='ocrx_word' id='word_1_188' title='bbox 876 3009 1058 3077; x_wconf 86' lang='lat' dir='ltr'><strong><em>iteraverit</em></strong></span> <span class='ocrx_word' id='word_1_189' title='bbox 1071 3013 1292 3099; x_wconf 76' lang='lat' dir='ltr'><strong><em>perpetrata,</em></strong></span> <span class='ocrx_word' id='word_1_190' title='bbox 1320 3011 1434 3098; x_wconf 85' lang='lat' dir='ltr'><strong><em>ipsum</em></strong></span> <span class='ocrx_word' id='word_1_191' title='bbox 1453 3030 1532 3080; x_wconf 91' lang='lat' dir='ltr'><strong><em>sus·</em></strong></span> 
     </span>
     <span class='ocr_line' id='line_1_27' title="bbox 436 3108 728 3202; baseline -0.014 -24"><span class='ocrx_word' id='word_1_192' title='bbox 436 3108 542 3202; x_wconf 86' lang='lat' dir='ltr'><strong><em>pendi</em></strong></span> <span class='ocrx_word' id='word_1_193' title='bbox 561 3109 728 3178; x_wconf 87' lang='lat' dir='ltr'><strong><em>iubemus.</em></strong></span> 
     </span>
    </p>

    <p class='ocr_par' dir='ltr' id='par_1_6' title="bbox 439 3202 1535 3902">
     <span class='ocr_line' id='line_1_28' title="bbox 512 3202 1534 3301; baseline -0.003 -22"><span class='ocrx_word' id='word_1_194' title='bbox 512 3208 616 3279; x_wconf 86' lang='lat' dir='ltr'><strong><em>Idem</em></strong></span> <span class='ocrx_word' id='word_1_195' title='bbox 634 3202 872 3301; x_wconf 64' lang='lat' dir='ltr'><strong><em>augustusllz</em></strong></span> <span class='ocrx_word' id='word_1_196' title='bbox 908 3205 1042 3276; x_wconf 86' lang='lat' dir='ltr'><strong><em>Pennm</em></strong></span> <span class='ocrx_word' id='word_1_197' title='bbox 1067 3212 1194 3278; x_wconf 90' lang='lat' dir='ltr'><strong><em>contra</em></strong></span> <span class='ocrx_word' id='word_1_198' title='bbox 1213 3212 1433 3277; x_wconf 88' lang='lat' dir='ltr'><strong><em>mercatores</em></strong></span> <span class='ocrx_word' id='word_1_199' title='bbox 1452 3228 1534 3276; x_wconf 88' lang='lat' dir='ltr'><strong><em>cor-</em></strong></span> 
     </span>
     <span class='ocr_line' id='line_1_29' title="bbox 439 3305 1533 3401; baseline 0.001 -24"><span class='ocrx_word' id='word_1_200' title='bbox 439 3314 566 3401; x_wconf 89' lang='lat' dir='ltr'><strong><em>ruptus</em></strong></span> <span class='ocrx_word' id='word_1_201' title='bbox 584 3330 717 3380; x_wconf 90' lang='lat' dir='ltr'><strong><em>merces</em></strong></span> <span class='ocrx_word' id='word_1_202' title='bbox 735 3305 922 3378; x_wconf 89' lang='lat' dir='ltr'><strong><em>vendentes</em></strong></span> <span class='ocrx_word' id='word_1_203' title='bbox 942 3313 975 3376; x_wconf 92' lang='lat' dir='ltr'><strong><em>et</em></strong></span> <span class='ocrx_word' id='word_1_204' title='bbox 992 3308 1129 3397; x_wconf 84' lang='lat' dir='ltr'><strong><em>vetitus,</em></strong></span> <span class='ocrx_word' id='word_1_205' title='bbox 1155 3330 1216 3378; x_wconf 88' lang='lat' dir='ltr'><strong><em>seu</em></strong></span> <span class='ocrx_word' id='word_1_206' title='bbox 1235 3306 1285 3378; x_wconf 88' lang='lat' dir='ltr'><strong><em>nd</em></strong></span> <span class='ocrx_word' id='word_1_207' title='bbox 1302 3306 1419 3392; x_wconf 77' lang='lat' dir='ltr'><strong><em>falsos</em></strong></span> <span class='ocrx_word' id='word_1_208' title='bbox 1437 3329 1533 3378; x_wconf 89' lang='lat' dir='ltr'><strong><em>men·</em></strong></span> 
     </span>
     <span class='ocr_line' id='line_1_30' title="bbox 439 3406 1534 3501; baseline -0.002 -21"><span class='ocrx_word' id='word_1_209' title='bbox 439 3431 546 3480; x_wconf 87' lang='lat' dir='ltr'><strong><em>suros</em></strong></span> <span class='ocrx_word' id='word_1_210' title='bbox 575 3415 609 3480; x_wconf 90' lang='lat' dir='ltr'><strong><em>et</em></strong></span> <span class='ocrx_word' id='word_1_211' title='bbox 634 3429 773 3480; x_wconf 83' lang='lat' dir='ltr'><strong><em>cannes</em></strong></span> <span class='ocrx_word' id='word_1_212' title='bbox 799 3414 832 3478; x_wconf 88' lang='lat' dir='ltr'><strong><em>et</em></strong></span> <span class='ocrx_word' id='word_1_213' title='bbox 853 3407 1017 3501; x_wconf 87' lang='lat' dir='ltr'><strong><em>pandera</em></strong></span> <span class='ocrx_word' id='word_1_214' title='bbox 1045 3406 1281 3478; x_wconf 86' lang='lat' dir='ltr'><strong><em>distrahentes</em></strong></span> <span class='ocrx_word' id='word_1_215' title='bbox 1299 3409 1432 3480; x_wconf 87' lang='lat' dir='ltr'><strong><em>nostris</em></strong></span> <span class='ocrx_word' id='word_1_216' title='bbox 1450 3429 1534 3478; x_wconf 90' lang='lat' dir='ltr'><strong><em>con-</em></strong></span> 
     </span>
     <span class='ocr_line' id='line_1_31' title="bbox 439 3507 1534 3602; baseline 0 -21"><span class='ocrx_word' id='word_1_217' title='bbox 439 3510 677 3581; x_wconf 86' lang='lat' dir='ltr'><strong><em>stitutionibus</em></strong></span> <span class='ocrx_word' id='word_1_218' title='bbox 701 3510 925 3600; x_wconf 89' lang='lat' dir='ltr'><strong><em>prestitutas,</em></strong></span> <span class='ocrx_word' id='word_1_219' title='bbox 952 3510 988 3578; x_wconf 92' lang='lat' dir='ltr'><strong><em>in</em></strong></span> <span class='ocrx_word' id='word_1_220' title='bbox 1010 3510 1207 3602; x_wconf 78' lang='lat' dir='ltr'><strong><em>pereprinis</em></strong></span> <span class='ocrx_word' id='word_1_221' title='bbox 1234 3508 1387 3601; x_wconf 87' lang='lat' dir='ltr'><strong><em>deceptis</em></strong></span> <span class='ocrx_word' id='word_1_222' title='bbox 1412 3507 1457 3578; x_wconf 89' lang='lat' dir='ltr'><strong><em>nb</em></strong></span> <span class='ocrx_word' id='word_1_223' title='bbox 1484 3509 1534 3581; x_wconf 88' lang='lat' dir='ltr'><strong><em>eis</em></strong></span> 
     </span>
     <span class='ocr_line' id='line_1_32' title="bbox 441 3607 1534 3700; baseline -0.002 -20"><span class='ocrx_word' id='word_1_224' title='bbox 441 3607 603 3680; x_wconf 88' lang='lat' dir='ltr'><strong><em>volumus</em></strong></span> <span class='ocrx_word' id='word_1_225' title='bbox 631 3608 808 3700; x_wconf 89' lang='lat' dir='ltr'><strong><em>duplicari</em></strong></span> <span class='ocrx_word' id='word_1_226' title='bbox 814 3637 827 3698; x_wconf 87' lang='lat'><strong><em>,-</em></strong></span> <span class='ocrx_word' id='word_1_227' title='bbox 862 3609 1102 3693; x_wconf 81' lang='lat' dir='ltr'><strong><em>defensionem</em></strong></span> <span class='ocrx_word' id='word_1_228' title='bbox 1134 3611 1257 3680; x_wconf 88' lang='lat' dir='ltr'><strong><em>etenim</em></strong></span> <span class='ocrx_word' id='word_1_229' title='bbox 1289 3615 1321 3680; x_wconf 89' lang='lat' dir='ltr'><strong><em>et</em></strong></span> <span class='ocrx_word' id='word_1_230' title='bbox 1351 3610 1534 3680; x_wconf 88' lang='lat' dir='ltr'><strong><em>scientiam</em></strong></span> 
     </span>
     <span class='ocr_line' id='line_1_33' title="bbox 441 3707 1535 3804; baseline -0.001 -24"><span class='ocrx_word' id='word_1_231' title='bbox 441 3715 606 3780; x_wconf 91' lang='lat' dir='ltr'><strong><em>nastrum</em></strong></span> <span class='ocrx_word' id='word_1_232' title='bbox 631 3707 818 3779; x_wconf 89' lang='lat' dir='ltr'><strong><em>succedere</em></strong></span> <span class='ocrx_word' id='word_1_233' title='bbox 841 3709 1002 3780; x_wconf 90' lang='lat' dir='ltr'><strong><em>volumus</em></strong></span> <span class='ocrx_word' id='word_1_234' title='bbox 1023 3709 1101 3782; x_wconf 91' lang='lat' dir='ltr'><strong><em>loco</em></strong></span> <span class='ocrx_word' id='word_1_235' title='bbox 1120 3709 1367 3782; x_wconf 74' lang='lat' dir='ltr'><strong><em>imbecillitatis</em></strong></span> <span class='ocrx_word' id='word_1_236' title='bbox 1386 3715 1420 3780; x_wconf 91' lang='lat' dir='ltr'><strong><em>et</em></strong></span> <span class='ocrx_word' id='word_1_237' title='bbox 1436 3711 1535 3804; x_wconf 81' lang='lat' dir='ltr'><strong><em>ipno·</em></strong></span> 
     </span>
     <span class='ocr_line' id='line_1_34' title="bbox 442 3807 827 3902; baseline -0.005 -22"><span class='ocrx_word' id='word_1_238' title='bbox 442 3810 558 3880; x_wconf 88' lang='lat' dir='ltr'><strong><em>rnntie</em></strong></span> <span class='ocrx_word' id='word_1_239' title='bbox 574 3807 827 3902; x_wconf 85' lang='lat' dir='ltr'><strong><em>predictorum.</em></strong></span> 
     </span>
    </p>

    <p class='ocr_par' dir='ltr' id='par_1_7' title="bbox 443 3907 1540 4206">
     <span class='ocr_line' id='line_1_35' title="bbox 517 3907 1535 4004; baseline -0.002 -22"><span class='ocrx_word' id='word_1_240' title='bbox 517 3910 573 3982; x_wconf 86' lang='lat' dir='ltr'><strong><em>De</em></strong></span> <span class='ocrx_word' id='word_1_241' title='bbox 599 3907 754 3982; x_wconf 83' lang='lat' dir='ltr'><strong><em>medicis</em></strong></span> <span class='ocrx_word' id='word_1_242' title='bbox 781 3920 817 3980; x_wconf 83' lang='lat' dir='ltr'><strong><em>et</em></strong></span> <span class='ocrx_word' id='word_1_243' title='bbox 841 3907 1090 3982; x_wconf 59' lang='lat' dir='ltr'><strong><em>medicinistss:</em></strong></span> <span class='ocrx_word' id='word_1_244' title='bbox 1124 3910 1270 3982; x_wconf 83' lang='lat' dir='ltr'><strong><em>Utilitnti</em></strong></span> <span class='ocrx_word' id='word_1_245' title='bbox 1288 3911 1436 4003; x_wconf 90' lang='lat' dir='ltr'><strong><em>speciali</em></strong></span> <span class='ocrx_word' id='word_1_246' title='bbox 1450 3933 1535 4004; x_wconf 90' lang='lat' dir='ltr'><strong><em>pra-</em></strong></span> 
     </span>
     <span class='ocr_line' id='line_1_36' title="bbox 443 4010 1536 4102; baseline 0 -22"><span class='ocrx_word' id='word_1_247' title='bbox 443 4012 628 4102; x_wconf 89' lang='lat' dir='ltr'><strong><em>spicimns,</em></strong></span> <span class='ocrx_word' id='word_1_248' title='bbox 666 4035 745 4080; x_wconf 81' lang='lat' dir='ltr'><strong><em>cerm</em></strong></span> <span class='ocrx_word' id='word_1_249' title='bbox 777 4013 955 4082; x_wconf 88' lang='lat' dir='ltr'><strong><em>cornmuni</em></strong></span> <span class='ocrx_word' id='word_1_250' title='bbox 985 4011 1093 4082; x_wconf 88' lang='lat' dir='ltr'><strong><em>soluti</em></strong></span> <span class='ocrx_word' id='word_1_251' title='bbox 1122 4010 1274 4097; x_wconf 80' lang='lat' dir='ltr'><strong><em>fidelium</em></strong></span> <span class='ocrx_word' id='word_1_252' title='bbox 1296 4011 1536 4102; x_wconf 85' lang='lat' dir='ltr'><strong><em>providemus.</em></strong></span> 
     </span>
     <span class='ocr_line' id='line_1_37' title="bbox 445 4107 1540 4206; baseline 0.004 -28"><span class='ocrx_word' id='word_1_253' title='bbox 445 4107 667 4187; x_wconf 82' lang='lat' dir='ltr'><strong><em>Attendentes</em></strong></span> <span class='ocrx_word' id='word_1_254' title='bbox 703 4114 810 4204; x_wconf 77' lang='lat' dir='ltr'><strong><em>ipitur</em></strong></span> <span class='ocrx_word' id='word_1_255' title='bbox 844 4135 955 4206; x_wconf 76' lang='lat' dir='ltr'><strong><em>prave</em></strong></span> <span class='ocrx_word' id='word_1_256' title='bbox 987 4110 1207 4202; x_wconf 87' lang='lat' dir='ltr'><strong><em>dispendium</em></strong></span> <span class='ocrx_word' id='word_1_257' title='bbox 1240 4117 1272 4180; x_wconf 90' lang='lat' dir='ltr'><strong><em>et</em></strong></span> <span class='ocrx_word' id='word_1_258' title='bbox 1301 4110 1540 4204; x_wconf 85' lang='lat' dir='ltr'><strong><em>irreparabile</em></strong></span> 
     </span>
    </p>
   </div>
   <div class='ocr_carea' id='block_1_5' title="bbox 447 4238 1538 4324">
    <p class='ocr_par' dir='ltr' id='par_1_8' title="bbox 447 4238 1538 4324">
     <span class='ocr_line' id='line_1_38' title="bbox 447 4238 1538 4324; baseline 0.004 -24"><span class='ocrx_word' id='word_1_259' title='bbox 447 4238 496 4318; x_wconf 78' lang='lat'><strong><em>44)</em></strong></span> <span class='ocrx_word' id='word_1_260' title='bbox 521 4238 541 4299; x_wconf 91' lang='grc'><strong><em>1.</em></strong></span> <span class='ocrx_word' id='word_1_261' title='bbox 564 4240 592 4309; x_wconf 84' lang='grc'><strong><em>3,</em></strong></span> <span class='ocrx_word' id='word_1_262' title='bbox 617 4243 659 4298; x_wconf 81' lang='lat' dir='ltr'><strong><em>tit.</em></strong></span> <span class='ocrx_word' id='word_1_263' title='bbox 684 4241 732 4301; x_wconf 81' lang='lat' dir='ltr'><strong><em>m.</em></strong></span> <span class='ocrx_word' id='word_1_264' title='bbox 848 4241 898 4318; x_wconf 66' lang='lat'><strong><em>45)</em></strong></span> <span class='ocrx_word' id='word_1_265' title='bbox 923 4241 940 4303; x_wconf 93' lang='grc' dir='ltr'><strong><em>Ι.</em></strong></span> <span class='ocrx_word' id='word_1_266' title='bbox 965 4242 993 4310; x_wconf 87' lang='lat'><strong><em>3,</em></strong></span> <span class='ocrx_word' id='word_1_267' title='bbox 1018 4240 1060 4300; x_wconf 81' lang='lat' dir='ltr'><strong><em>til.</em></strong></span> <span class='ocrx_word' id='word_1_268' title='bbox 1085 4243 1134 4302; x_wconf 76' lang='lat'><strong><em>52.</em></strong></span> <span class='ocrx_word' id='word_1_269' title='bbox 1249 4239 1300 4324; x_wconf 41' lang='grc'>4-6)</span> <span class='ocrx_word' id='word_1_270' title='bbox 1326 4241 1344 4303; x_wconf 94' lang='grc' dir='ltr'><strong><em>Ι.</em></strong></span> <span class='ocrx_word' id='word_1_271' title='bbox 1368 4241 1396 4310; x_wconf 88' lang='grc'><strong><em>3,</em></strong></span> <span class='ocrx_word' id='word_1_272' title='bbox 1420 4243 1463 4304; x_wconf 85' lang='lat' dir='ltr'><strong><em>tit.</em></strong></span> <span class='ocrx_word' id='word_1_273' title='bbox 1487 4241 1538 4304; x_wconf 84' lang='lat'><strong><em>45.</em></strong></span> 
     </span>
    </p>
   </div>
   <div class='ocr_carea' id='block_1_6' title="bbox 0 0 1699 5026">
    <p class='ocr_par' dir='ltr' id='par_1_9' title="bbox 0 0 1699 5026">
     <span class='ocr_line' id='line_1_39' title="bbox 0 0 1699 5026; baseline 0 0"><span class='ocrx_word' id='word_1_274' title='bbox 0 0 1699 5026; x_wconf 95' lang='lat' dir='ltr'><strong><em> </em></strong></span> 
     </span>
    </p>
   </div>
  </div>
 </body>
</html>
