3352 5026
615 432 656 502 A.
689 433 793 506 1232.
1187 437 1252 508 111

162 632 274 705 beant·
287 639 321 704 et
335 631 448 703 debite
461 629 659 702 executioni
670 631 848 726 contradi,
868 655 914 704 ae
925 651 991 724 per
1004 653 1066 704 eos
1081 631 1257 720 artificum

160 732 310 817 fraudes
336 737 456 803 nostre
482 732 580 802 curie
609 733 812 804 nuntientur
818 759 832 823 ,-
865 753 1016 828 quorum
1049 732 1256 818 officialium

161 834 308 904 nomina
324 854 390 924 per
407 830 544 902 titteras
561 833 627 903 sub
644 831 772 926 sipitto,
800 840 834 903 et
856 833 1173 926 subscriptionibus
1198 835 1256 905 eti-

160 933 314 1026 pentium
341 953 413 1023 eos,
440 937 475 1001 et
500 953 634 1026 eorum,
661 935 721 1027 qui
744 935 779 1004 in
797 932 864 1005 hiis
882 932 1066 1005 consitium
1085 932 1256 1026 dederint,

161 1030 339 1126 elipendis,
368 1031 419 1103 rui
442 1053 508 1103 nos
533 1031 587 1102 vei
608 1031 769 1104 iocorum
788 1032 953 1106 dominos
970 1029 1133 1105 volumus
1151 1033 1256 1106 desti·

158 1133 252 1224 nuri,
270 1138 310 1202 ut
326 1154 370 1203 ec
387 1131 648 1224 approbatione
664 1138 791 1204 nostra
811 1141 844 1206 et
862 1133 1014 1206 otiorum
1034 1155 1185 1229 quorum
1204 1137 1254 1204 in-

159 1233 281 1302 tererit
296 1233 517 1304 retineantur
533 1231 673 1324 ydonei,
695 1239 730 1304 et
745 1255 818 1304 non
834 1234 963 1326 ydonei
981 1237 1189 1326 refutentur,
1217 1237 1252 1305 in

159 1353 281 1403 eorum
306 1332 423 1404 iocum
447 1334 506 1427 qui
529 1334 647 1405 minus
671 1332 800 1426 ydonei
824 1335 959 1418 fuerint
986 1331 1023 1403 in
1049 1333 1252 1427 subscripto

156 1432 280 1516 forma
292 1431 440 1526 ydoneis
453 1432 706 1527 subropandis.
736 1432 832 1520 (tuos
846 1432 1030 1524 officiales,
1044 1438 1085 1504 ut
1095 1434 1251 1519 officium

155 1531 224 1603 sibi
239 1531 411 1605 creditum
429 1531 578 1618 fideliter
595 1539 628 1604 et
646 1532 830 1628 diiigenter
847 1538 1047 1626 coerceant,
1068 1535 1175 1604 tactis
1191 1557 1251 1604 sa-

156 1633 355 1704 crosanctis
369 1633 563 1728 euanpeiiis
575 1635 796 1705 sacramenti
809 1633 976 1728 retipione
989 1633 1152 1704 volumus
1166 1633 1250 1704 obti-

154 1734 246 1825 pari.
290 1730 492 1804 Eiectorum
510 1735 617 1804 etiam
637 1735 782 1805 nomina
798 1734 1040 1826 predictorum
1054 1735 1091 1806 in
1109 1741 1250 1829 quater·

154 1832 319 1904 nionibus
335 1838 457 1905 nostre
474 1835 571 1905 curie
589 1833 751 1906 uolumus
769 1835 951 1927 contineri,
970 1839 1010 1905 ut
1026 1833 1071 1906 de
1087 1836 1137 1905 eis
1150 1833 1249 1906 dutri-

154 1933 243 2004 tatio
270 1934 512 2026 inposterum
536 1931 626 2005 oriri
651 1956 723 2005 non
746 1937 870 2026 possit.
915 1933 1114 2006 statuimus
1141 1936 1247 2006 etiam

153 2033 401 2105 constitutione
415 2036 583 2127 presenti,
602 2040 641 2104 ut
658 2034 769 2104 baiuli
785 2037 910 2126 nostri,
929 2037 989 2129 qui
1003 2057 1071 2128 pro
1091 2040 1248 2126 tempore

151 2132 294 2225 suerint,
321 2135 570 2227 operariorum
597 2122 746 2226 ope'ras,
773 2157 971 2206 messorum
998 2141 1033 2205 et
1056 2134 1247 2206 vindemia-

30 2277 34 2292 »
152 2236 269 2302 torum
288 2237 321 2301 et
337 2232 514 2326 similium,
532 2233 597 2304 sub
612 2239 712 2304 certa
726 2233 885 2306 mercede
899 2236 1128 2324 constituunt,
1147 2236 1248 2306 cuius

151 2332 410 2403 constitutionis
434 2329 566 2404 metam
592 2333 798 2428 transpredi
821 2335 1000 2426 operariis
1024 2355 1094 2404 non
1112 2332 1227 2405 iicebit
1232 2361 1246 2426 ,·

150 2453 258 2526 quam
285 2433 316 2504 si
342 2435 562 2528 transpressi
585 2435 733 2528 fuerint,
770 2441 804 2506 et
833 2439 1019 2527 acceptam
1050 2433 1245 2507 mercedem

151 2533 367 2626 ammittant,
395 2538 429 2604 et
445 2533 685 2628 quadruplum
703 2537 799 2606 curie
817 2540 937 2606 nostre
955 2533 1100 2606 solvent.
1144 2532 1191 2606 Et
1208 2543 1248 2608 ut

148 2632 301 2714 fraudes
314 2635 491 2719 artificum
505 2635 725 2730 siuputorum
738 2657 832 2727 pena
847 2657 919 2704 non
933 2640 1095 2727 careant,
1113 2637 1145 2705 si
1160 2659 1244 2706 con-

150 2737 209 2802 tra
233 2732 512 2825 prohibitionem*
530 2741 565 2806 et
589 2734 849 2806 ordinationem
873 2740 1035 2806 nostram
1060 2736 1097 2805 in
1120 2757 1242 2805 eorum

150 2833 310 2918 artificiis
334 2834 464 2905 inuenti
487 2835 628 2920 tuerint*
637 2833 760 2907 dolose
777 2835 928 2928 uersari,
953 2835 1074 2926 prima
1093 2835 1166 2905 vice
1184 2834 1243 2907 de-

145 2932 342 3023 prenensus
358 2935 394 3005 in
413 2933 496 3006 dolo
513 2935 613 3021 feisa
631 2955 743 3029 opera
760 2936 911 3028 faciens,
930 2933 985 3005 oet
1000 2933 1140 3008 cibaria
1157 2955 1242 3028 pro-

146 3031 257 3104 hibito
282 3055 345 3106 seu
369 3041 575 3129 corrupta,
590 3031 644 3107 oei
666 3037 783 3107 vinum
811 3034 1032 3130 lymphatum
1054 3057 1122 3128 pro
1148 3057 1241 3128 puro

146 3132 339 3229 vendendo,
366 3135 494 3208 libram
523 3139 605 3208 auri
628 3138 810 3230 purissimi
834 3139 920 3224 fisco
946 3141 1069 3208 nostro
1097 3157 1240 3228 compo-

145 3240 230 3325 nat,·
257 3257 366 3329 queem
385 3238 417 3307 si
427 3243 579 3330 propter
594 3239 754 3331 inopiam
774 3237 864 3309 dare
882 3255 953 3308 non
968 3237 1111 3327 poterit,
1137 3237 1239 3318 fusti-

143 3338 255 3424 9ctur.
282 3334 416 3406 Iterato
434 3336 629 3428 deprensus
646 3339 683 3406 in
700 3335 816 3424 simili,
836 3357 982 3405 monum
1000 3335 1151 3426 perdat5
1170 3341 1237 3406 ter-

143 3432 192 3500 tio
210 3431 447 3522 deprehensus
464 3433 556 3505 tatia
571 3440 791 3528 perpetrare,
807 3436 855 3504 ·in
874 3435 987 3519 furcis
1004 3435 1131 3504 mortis
1145 3436 1236 3526 peri-

144 3528 260 3600 culum
278 3531 416 3624 subeat,
436 3531 532 3627 quod
548 3535 641 3606 iusto
655 3529 786 3606 iudicio
800 3535 930 3604 meruit
941 3532 1063 3604 illicita
1078 3535 1236 3604 consmit-

143 3627 261 3723 tendo,
282 3636 316 3702 et
332 3653 404 3702 non
422 3631 634 3728 corripendo
652 3637 855 3707 commissa.
893 3631 1029 3705 Eadem
1045 3652 1140 3727 peno
1157 3655 1235 3726 pre-

140 3731 247 3815 fectis
268 3727 482 3819 officialibus
506 3736 721 3827 imminente,
748 3738 779 3808 si
800 3757 906 3829 prece
933 3733 987 3805 oet
1009 3735 1142 3826 pretio,
1172 3742 1236 3806 out

142 3853 268 3901 amore
285 3855 347 3903 seu
365 3834 490 3904 timore
507 3838 678 3929 corrupti,
704 3835 973 3932 delinquentium
993 3839 1233 3905 mercatorum

139 3930 195 4002 oet
211 3935 387 4020 artificum
406 3955 536 4029 mapne
555 3934 651 4006 curie
669 3941 789 4007 nostre
807 3935 861 4006 oet
877 3935 1062 4029 reptonum
1085 3935 1232 4006 iustitio·

137 4032 200 4103 riis
218 4035 411 4106 commissa
430 4033 643 4132 nepieceriut
660 4037 836 4108 nuntiare.

211 4131 312 4208 Idem
328 4133 565 4232 angustast:
588 4133 1230 4232 Mercatorcsquoslibetreyninostti,

13 4285 16 4290 ·
136 4255 188 4332 43)
210 4255 262 4320 tin.
285 4261 314 4333 3,
337 4262 380 4325 tit.
402 4264 452 4328 50.
