3352 5026
565 391 606 460 A.
638 391 744 465 1242.
777 391 882 462 1243.
1201 391 1272 466 155

253 595 386 666 Mense
399 590 477 662 lulii
493 590 699 686 imperator
712 589 757 660 ad
774 613 910 686 papam
927 587 1037 660 mittit
1051 591 1273 687 aputAnag·

177 695 276 766 niam
292 693 497 764 Berardum
514 689 819 762 Panormitanum
835 685 1176 786 arehiepiscopum,
1194 715 1272 763 ma·

176 794 336 890 gistrum
362 791 513 863 Petrum
541 792 587 863 de
615 789 729 862 Vinea
766 800 804 862 et
831 789 1053 886 magistrum
1080 789 1271 862 Taddeum

177 897 223 964 de
250 893 392 966 Suessa
417 915 485 990 pro
513 895 608 965 bono
634 890 757 988 pacis3
785 915 898 987 aquo
919 889 1082 988 benigne
1102 891 1193 963 satis
1214 914 1271 962 re-

177 993 272 1090 cepti
293 1004 393 1089 sunt,
415 1003 453 1064 et
471 991 674 1089 benignum
694 993 739 1064 ad
759 991 966 1090 principem
988 991 1195 1064 retulerunt
1214 1015 1270 1062 re·
1389 991 1392 998 ’

176 1119 371 1193 sponsum.

248 1214 390 1284 Eodem
410 1233 543 1283 mense
563 1211 641 1282 lulii
661 1209 854 1283 discursus
882 1211 1057 1304 syderum
1086 1213 1132 1282 de
1159 1220 1268 1282 nocte

174 1313 279 1386 visus
308 1321 367 1385 est
392 1311 429 1382 in
456 1311 554 1382 festo
574 1310 693 1384 sancti
713 1309 848 1406 lacobi,
875 1309 922 1381 ita
944 1320 984 1381 ut
1004 1333 1119 1381 unum
1139 1320 1267 1383 contra

175 1415 333 1486 alterum
355 1410 462 1508 quasi
480 1411 614 1484 hostes
634 1410 887 1508 insurgerent,
915 1421 952 1482 et
976 1409 1074 1482 inter
1092 1433 1134 1482 se
1153 1411 1268 1482 hosti-

173 1515 257 1587 liter
282 1512 513 1584 dimicarent.
576 1512 679 1583 Tune
707 1510 837 1583 civitas
864 1510 1015 1583 Viterbii
1042 1521 1266 1608 procurante

175 1613 356 1711 magistro
375 1611 561 1706 Raynerio
581 1611 757 1684 cardinali
777 1611 880 1683 venit

247 1737 380 1786 mense
406 1712 565 1809 Augusti
591 1715 638 1784 'ad
667 1717 884 1785 mandatum
913 1711 1094 1808 ecclesie,
1129 1712 1266 1784 comite

170 1815 324 1890 Simone
353 1813 534 1886 Theatino
561 1838 628 1912 pro
654 1813 883 1912 imperatore
911 1836 953 1885 se
978 1823 1132 1886 tenente
1152 1813 1187 1884 in
1209 1837 1265 1886 ea.

170 1916 251 2004 Ouo
268 1913 390 1988 audito
405 1913 611 2011 imperator
624 1937 711 1986 mox
727 1915 810 1987 sine
825 1939 931 1987 more
947 1915 1112 2011 periculo
1128 1939 1170 1986 se
1182 1939 1265 2012 per·

168 2016 352 2089 sonaliter
370 2014 526 2086 contulit

243 2111 622 2208 menseSeptembris
638 2115 683 2184 ad
699 2135 920 2185 succursum
933 2111 1087 2210 predicti
1103 2111 1264 2209 comitis,

170 2215 271 2286 etad
291 2212 618 2308 recuperationem
640 2211 798 2284 civitatis
818 2212 950 2310 ipsius,
976 2223 1012 2285 et
1032 2225 1262 2310 congregato

170 2313 337 2387 exercitu
358 2312 509 2410 copioso
530 2313 677 2385 obsedit
696 2336 794 2408 eam,
814 2326 851 2385 et
870 2313 1044 2386 statutis·
1065 2314 1262 2406 machinis,

168 2426 245 2487 tam
266 2413 355 2486 viris
373 2437 485 2510 quam
501 2411 640 2486 viribus
657 2413 735 2485 dire
750 2415 841 2486 satis
856 2414 1077 2511 inpugnavit
1092 2418 1262 2487 eandem.

167 2515 239 2604 Qui
255 2537 341 2588 cum
356 2513 392 2586 in
409 2513 509 2586 nullo
524 2515 737 2612 proficeret,
754 2525 908 2612 recepto
925 2525 963 2587 et
976 2515 1091 2588 libero
1106 2515 1262 2589 dimisso

168 2640 214 2688 ex
233 2625 342 2714 pacto
371 2614 507 2686 comite
536 2615 701 2712 predicto
728 2626 766 2686 et
790 2615 868 2688 suis
889 2615 950 2712 qui
971 2639 1055 2687 cum
1076 2639 1121 2688 eo
1140 2628 1261 2710 erant,

167 2721 213 2790 ab
233 2715 427 2790 obsidione
446 2715 675 2810 recessit,·et
693 2715 778 2788 inde
798 2715 1021 2789 Grossetum
1037 2741 1079 2788 se
1095 2717 1261 2812 contulit,

167 2817 227 2889 ubi
260 2817 442 2913 quasdam
472 2815 584 2888 edidit
614 2816 830 2889 sanctiones
863 2825 992 2888 contra
1025 2815 1166 2889 iudices
1199 2820 1260 2890 ad-

164 2927 321 2989 vocatos
342 2927 378 2989 et
397 2917 578 3014 notarios,
605 2941 699 3015 quas
719 2941 786 3016 per
810 2927 927 2989 totum
956 2939 1117 3014 regnum
1145 2918 1259 3015 publi·

165 3017 240 3092 cari
260 3017 429 3118 precepit
447 3028 485 3090 et
502 3019 686 3091 tenaciter
704 3018 910 3115 observari,
938 3042 1094 3117 quarum
1115 3019 1258 3091 initium

162 3119 238 3194 tale
264 3130 340 3192 est:
374 3119 490 3194 Niclu'l
516 3125 669 3193 veterum
699 3124 884 3193 autoritati
909 3119 1117 3192 detrahitur.
1172 3121 1257 3218 lpse

163 3245 297 3292 mense
316 3221 549 3316 Septembris
570 3245 699 3294 comes
714 3221 924 3293 Tolosanus
945 3223 990 3291 de
1004 3220 1136 3317 Apulia
1156 3223 1259 3293 venit

164 3322 209 3389 ad
228 3319 407 3390 Sanctum
436 3319 681 3412 Germanum,
709 3320 832 3414 ibique
851 3343 996 3390 moram
1018 3321 1256 3416 protrahens,

162 3418 248 3489 inde
275 3441 410 3489 versus
437 3417 639 3513 Aquinum,
666 3427 704 3488 et
732 3429 864 3514 postea
892 3428 982 3516 aput
1000 3418 1180 3491 Sanctum
1201 3421 1257 3491 Vi»

162 3529 241 3589 turn
267 3518 313 3588 de
339 3517 452 3589 Mella
478 3540 521 3589 se
541 3517 708 3613 contulit,
736 3518 858 3618 ibique
879 3543 986 3592 suam
1007 3543 1075 3618 per
1092 3519 1172 3592 dies
1192 3521 1256 3592 ali·

80 3645 83 3650 ·
162 3628 251 3715 quot
271 3617 509 3690 venationem
531 3617 705 3691 exercuit.

238 3737 368 3808 Mense
384 3736 556 3810 Octobris
577 3739 673 3808 circa
694 3738 832 3810 festum
852 3739 1019 3811 omnium
1037 3748 1253 3811 sanctorum

159 3837 399 3910 lnnocentius
419 3863 516 3934 papa
536 3839 673 3911 Urbem
691 3841 811 3911 ‘intrat
830 3864 915 3911 cum
936 3841 1078 3912 honore
1098 3849 1253 3912 senatus

160 3940 363 4038 populique
383 3939 540 4011 Romani
562 3963 699 4034 magno
720 3950 913 4038 receptus,
936 3944 980 4013 ad
1001 3967 1112 4038 quern
1134 3941 1253 4014 dietus

161 4117 185 4186 a)
204 4124 300 4178 statilio
320 4141 342 4178 c.

926 4201 998 4272 11*
