<?xml version="1.0" encoding="UTF-8"?>
<!DOCTYPE html PUBLIC "-//W3C//DTD XHTML 1.0 Transitional//EN"
    "http://www.w3.org/TR/xhtml1/DTD/xhtml1-transitional.dtd">
<html xmlns="http://www.w3.org/1999/xhtml" xml:lang="en" lang="en">
 <head>
  <title>
</title>
<meta http-equiv="Content-Type" content="text/html;charset=utf-8" />
  <meta name='ocr-system' content='tesseract 3.04.00' />
  <meta name='ocr-capabilities' content='ocr_page ocr_carea ocr_par ocr_line ocrx_word'/>
</head>
<body>
  <div class='ocr_page' id='page_1' title='image "./ryccardidesanct00ricagoog_0137.png"; bbox 0 0 3352 5026; ppageno 0'>
   <div class='ocr_carea' id='block_1_1' title="bbox 540 377 1243 458">
    <p class='ocr_par' dir='ltr' id='par_1_1' title="bbox 540 377 1243 458">
     <span class='ocr_line' id='line_1_1' title="bbox 540 377 1243 458; baseline 0 -6"><span class='ocrx_word' id='word_1_1' title='bbox 540 379 580 452; x_wconf 88' lang='lat' dir='ltr'>A.</span> <span class='ocrx_word' id='word_1_2' title='bbox 612 377 717 458; x_wconf 87' lang='grc'><strong>1232.</strong></span> <span class='ocrx_word' id='word_1_3' title='bbox 750 380 855 454; x_wconf 85' lang='grc'><strong>1233.</strong></span> <span class='ocrx_word' id='word_1_4' title='bbox 1172 381 1243 452; x_wconf 87' lang='grc'>119</span> 
     </span>
    </p>
   </div>
   <div class='ocr_carea' id='block_1_2' title="bbox 148 576 1245 1582">
    <p class='ocr_par' dir='ltr' id='par_1_2' title="bbox 148 576 1243 858">
     <span class='ocr_line' id='line_1_2' title="bbox 148 576 1243 676; baseline -0.005 -18"><span class='ocrx_word' id='word_1_5' title='bbox 148 587 270 670; x_wconf 79' lang='lat' dir='ltr'>formo</span> <span class='ocrx_word' id='word_1_6' title='bbox 290 583 389 676; x_wconf 81' lang='lat' dir='ltr'><strong><em>antiq</em></strong></span> <span class='ocrx_word' id='word_1_7' title='bbox 390 605 450 652; x_wconf 86' lang='lat' dir='ltr'>un.</span> <span class='ocrx_word' id='word_1_8' title='bbox 504 579 594 650; x_wconf 84' lang='lat' dir='ltr'>De</span> <span class='ocrx_word' id='word_1_9' title='bbox 582 603 659 650; x_wconf 77' lang='lat' dir='ltr'>aare</span> <span class='ocrx_word' id='word_1_10' title='bbox 676 578 738 650; x_wconf 85' lang='lat' dir='ltr'>lini</span> <span class='ocrx_word' id='word_1_11' title='bbox 755 577 861 671; x_wconf 80' lang='lat' dir='ltr'>idem,</span> <span class='ocrx_word' id='word_1_12' title='bbox 886 576 961 651; x_wconf 83' lang='lat' dir='ltr'>de</span> <span class='ocrx_word' id='word_1_13' title='bbox 947 601 1024 650; x_wconf 80' lang='lat' dir='ltr'>ture</span> <span class='ocrx_word' id='word_1_14' title='bbox 1041 601 1243 652; x_wconf 84' lang='lat' dir='ltr'>cannarum</span> 
     </span>
     <span class='ocr_line' id='line_1_3' title="bbox 148 635 1243 782; baseline -0.005 -26"><span class='ocrx_word' id='word_1_15' title='bbox 148 687 253 782; x_wconf 83' lang='lat' dir='ltr'>idem,</span> <span class='ocrx_word' id='word_1_16' title='bbox 281 683 325 754; x_wconf 84' lang='lat' dir='ltr'>de</span> <span class='ocrx_word' id='word_1_17' title='bbox 351 682 439 754; x_wconf 86' lang='lat' dir='ltr'>lanu</span> <span class='ocrx_word' id='word_1_18' title='bbox 467 679 569 773; x_wconf 76' lang='lat' dir='ltr'>Syrte</span> <span class='ocrx_word' id='word_1_19' title='bbox 595 679 708 770; x_wconf 80' lang='lat' dir='ltr'>idem,</span> <span class='ocrx_word' id='word_1_20' title='bbox 733 679 777 752; x_wconf 81' lang='lat' dir='ltr'>de.</span> <span class='ocrx_word' id='word_1_21' title='bbox 802 635 976 750; x_wconf 78' lang='lat' dir='ltr'>balnbuce</span> <span class='ocrx_word' id='word_1_22' title='bbox 1002 679 1172 772; x_wconf 70' lang='lat' dir='ltr'>steriliter,</span> <span class='ocrx_word' id='word_1_23' title='bbox 1200 681 1243 752; x_wconf 84' lang='lat' dir='ltr'>de</span> 
     </span>
     <span class='ocr_line' id='line_1_4' title="bbox 151 781 540 858; baseline -0.008 0"><span class='ocrx_word' id='word_1_24' title='bbox 151 809 240 858; x_wconf 83' lang='lat' dir='ltr'>arcu</span> <span class='ocrx_word' id='word_1_25' title='bbox 260 784 419 855; x_wconf 79' lang='lat' dir='ltr'>cottonis</span> <span class='ocrx_word' id='word_1_26' title='bbox 437 781 540 855; x_wconf 82' lang='lat' dir='ltr'>idrnr</span> 
     </span>
    </p>

    <p class='ocr_par' dir='ltr' id='par_1_3' title="bbox 150 878 1244 1182">
     <span class='ocr_line' id='line_1_5' title="bbox 226 878 1244 978; baseline 0 -24"><span class='ocrx_word' id='word_1_27' title='bbox 226 883 367 954; x_wconf 83' lang='lat' dir='ltr'>Eodem</span> <span class='ocrx_word' id='word_1_28' title='bbox 398 904 532 954; x_wconf 91' lang='lat' dir='ltr'>mense</span> <span class='ocrx_word' id='word_1_29' title='bbox 559 878 711 976; x_wconf 80' lang='lat' dir='ltr'>Egidius</span> <span class='ocrx_word' id='word_1_30' title='bbox 740 879 956 952; x_wconf 89' lang='lat' dir='ltr'>Verracclus</span> <span class='ocrx_word' id='word_1_31' title='bbox 988 878 1115 954; x_wconf 88' lang='lat' dir='ltr'>domni</span> <span class='ocrx_word' id='word_1_32' title='bbox 1146 903 1244 978; x_wconf 85' lang='lat' dir='ltr'>pape</span> 
     </span>
     <span class='ocr_line' id='line_1_6' title="bbox 151 979 1243 1094; baseline -0.005 -36"><span class='ocrx_word' id='word_1_33' title='bbox 151 982 403 1058; x_wconf 80' lang='lat' dir='ltr'>subdiaconus</span> <span class='ocrx_word' id='word_1_34' title='bbox 432 991 469 1054; x_wconf 89' lang='lat' dir='ltr'>et</span> <span class='ocrx_word' id='word_1_35' title='bbox 487 981 731 1094; x_wconf 79' lang='lat' dir='ltr'>cappellanus</span> <span class='ocrx_word' id='word_1_36' title='bbox 752 1005 818 1078; x_wconf 92' lang='lat' dir='ltr'>pro</span> <span class='ocrx_word' id='word_1_37' title='bbox 837 981 937 1054; x_wconf 86' lang='lat' dir='ltr'>facto</span> <span class='ocrx_word' id='word_1_38' title='bbox 955 979 1087 1054; x_wconf 89' lang='lat' dir='ltr'>Gaiete</span> <span class='ocrx_word' id='word_1_39' title='bbox 1106 1002 1128 1053; x_wconf 90' lang='lat' dir='ltr'>a</span> <span class='ocrx_word' id='word_1_40' title='bbox 1146 1005 1243 1080; x_wconf 89' lang='lat' dir='ltr'>papa</span> 
     </span>
     <span class='ocr_line' id='line_1_7' title="bbox 150 1081 1032 1182; baseline -0.002 -24"><span class='ocrx_word' id='word_1_41' title='bbox 150 1087 195 1158; x_wconf 92' lang='lat' dir='ltr'>ad</span> <span class='ocrx_word' id='word_1_42' title='bbox 215 1083 484 1182; x_wconf 54' lang='lat' dir='ltr'>imperatorem</span> <span class='ocrx_word' id='word_1_43' title='bbox 502 1081 654 1154; x_wconf 89' lang='lat' dir='ltr'>nuntius</span> <span class='ocrx_word' id='word_1_44' title='bbox 673 1081 710 1153; x_wconf 90' lang='lat' dir='ltr'>in</span> <span class='ocrx_word' id='word_1_45' title='bbox 730 1081 902 1178; x_wconf 82' lang='lat' dir='ltr'>Apuliam</span> <span class='ocrx_word' id='word_1_46' title='bbox 923 1082 1032 1156; x_wconf 90' lang='lat' dir='ltr'>vadit.</span> 
     </span>
    </p>

    <p class='ocr_par' dir='ltr' id='par_1_4' title="bbox 149 1181 1245 1485">
     <span class='ocr_line' id='line_1_8' title="bbox 225 1181 1245 1258; baseline -0.001 -2"><span class='ocrx_word' id='word_1_47' title='bbox 225 1186 357 1258; x_wconf 90' lang='lat' dir='ltr'>blense</span> <span class='ocrx_word' id='word_1_48' title='bbox 373 1181 595 1256; x_wconf 90' lang='lat' dir='ltr'>Novembris</span> <span class='ocrx_word' id='word_1_49' title='bbox 615 1185 661 1256; x_wconf 92' lang='lat' dir='ltr'>de</span> <span class='ocrx_word' id='word_1_50' title='bbox 681 1182 1009 1256; x_wconf 81' lang='lat' dir='ltr'>communitatibus</span> <span class='ocrx_word' id='word_1_51' title='bbox 1023 1181 1245 1256; x_wconf 73' lang='lat' dir='ltr'>lombardie</span> 
     </span>
     <span class='ocr_line' id='line_1_9' title="bbox 149 1282 1244 1385; baseline -0.003 -26"><span class='ocrx_word' id='word_1_52' title='bbox 149 1311 217 1385; x_wconf 90' lang='lat' dir='ltr'>pru</span> <span class='ocrx_word' id='word_1_53' title='bbox 249 1283 523 1383; x_wconf 84' lang='lat' dir='ltr'>compositione</span> <span class='ocrx_word' id='word_1_54' title='bbox 552 1307 636 1362; x_wconf 89' lang='lat' dir='ltr'>cum</span> <span class='ocrx_word' id='word_1_55' title='bbox 669 1282 897 1380; x_wconf 74' lang='lat' dir='ltr'>imperatore</span> <span class='ocrx_word' id='word_1_56' title='bbox 929 1283 1099 1356; x_wconf 83' lang='lat' dir='ltr'>facienda</span> <span class='ocrx_word' id='word_1_57' title='bbox 1130 1283 1244 1380; x_wconf 82' lang='lat' dir='ltr'>legati</span> 
     </span>
     <span class='ocr_line' id='line_1_10' title="bbox 151 1382 1082 1485; baseline -0.004 -25"><span class='ocrx_word' id='word_1_58' title='bbox 151 1389 246 1485; x_wconf 91' lang='lat' dir='ltr'>apud</span> <span class='ocrx_word' id='word_1_59' title='bbox 266 1384 475 1482; x_wconf 81' lang='lat' dir='ltr'>Anagniam</span> <span class='ocrx_word' id='word_1_60' title='bbox 495 1382 651 1456; x_wconf 89' lang='lat' dir='ltr'>veniunt</span> <span class='ocrx_word' id='word_1_61' title='bbox 669 1385 715 1456; x_wconf 93' lang='lat' dir='ltr'>ad</span> <span class='ocrx_word' id='word_1_62' title='bbox 734 1385 914 1456; x_wconf 92' lang='lat' dir='ltr'>domnum</span> <span class='ocrx_word' id='word_1_63' title='bbox 933 1407 1082 1481; x_wconf 91' lang='lat' dir='ltr'>papam.</span> 
     </span>
    </p>

    <p class='ocr_par' dir='ltr' id='par_1_5' title="bbox 225 1483 1244 1582">
     <span class='ocr_line' id='line_1_11' title="bbox 225 1483 1244 1582; baseline -0.004 -24"><span class='ocrx_word' id='word_1_64' title='bbox 225 1487 357 1560; x_wconf 81' lang='lat' dir='ltr'>lllense</span> <span class='ocrx_word' id='word_1_65' title='bbox 379 1483 598 1562; x_wconf 79' lang='lat' dir='ltr'>Decembris</span> <span class='ocrx_word' id='word_1_66' title='bbox 623 1507 691 1582; x_wconf 86' lang='lat' dir='ltr'>pro</span> <span class='ocrx_word' id='word_1_67' title='bbox 714 1483 813 1556; x_wconf 83' lang='lat' dir='ltr'>lacto</span> <span class='ocrx_word' id='word_1_68' title='bbox 831 1483 1126 1558; x_wconf 76' lang='lat' dir='ltr'>bombardorum</span> <span class='ocrx_word' id='word_1_69' title='bbox 1145 1483 1244 1556; x_wconf 87' lang='lat' dir='ltr'>llen-</span> 
     </span>
    </p>
   </div>
   <div class='ocr_carea' id='block_1_3' title="bbox 44 1583 1378 1786">
    <p class='ocr_par' dir='ltr' id='par_1_6' title="bbox 44 1583 1378 1786">
     <span class='ocr_line' id='line_1_12' title="bbox 151 1583 1378 1698; baseline -0.003 -40"><span class='ocrx_word' id='word_1_70' title='bbox 151 1586 251 1660; x_wconf 91' lang='lat' dir='ltr'>ricus</span> <span class='ocrx_word' id='word_1_71' title='bbox 269 1589 315 1660; x_wconf 90' lang='lat' dir='ltr'>de</span> <span class='ocrx_word' id='word_1_72' title='bbox 334 1587 481 1658; x_wconf 81' lang='lat' dir='ltr'>Murro·</span> <span class='ocrx_word' id='word_1_73' title='bbox 509 1584 691 1698; x_wconf 76' lang='lat' dir='ltr'>magister</span> <span class='ocrx_word' id='word_1_74' title='bbox 713 1583 930 1658; x_wconf 89' lang='lat' dir='ltr'>iustitiarius</span> <span class='ocrx_word' id='word_1_75' title='bbox 950 1586 995 1658; x_wconf 92' lang='lat' dir='ltr'>ab</span> <span class='ocrx_word' id='word_1_76' title='bbox 1014 1585 1243 1682; x_wconf 87' lang='lat' dir='ltr'>imperatore</span> <span class='ocrx_word' id='word_1_77' title='bbox 1367 1645 1378 1654; x_wconf 83' lang='lat'>.</span> 
     </span>
     <span class='ocr_line' id='line_1_13' title="bbox 44 1685 1244 1786; baseline -0.003 -27"><span class='ocrx_word' id='word_1_78' title='bbox 44 1754 47 1759; x_wconf 88' lang='lat'>.</span> <span class='ocrx_word' id='word_1_79' title='bbox 151 1689 197 1760; x_wconf 90' lang='lat' dir='ltr'>ad</span> <span class='ocrx_word' id='word_1_80' title='bbox 212 1712 349 1786; x_wconf 89' lang='lat' dir='ltr'>papam</span> <span class='ocrx_word' id='word_1_81' title='bbox 365 1685 515 1760; x_wconf 88' lang='lat' dir='ltr'>nuntius</span> <span class='ocrx_word' id='word_1_82' title='bbox 531 1685 699 1780; x_wconf 74' lang='lat' dir='ltr'>mittitur,</span> <span class='ocrx_word' id='word_1_83' title='bbox 719 1709 803 1760; x_wconf 92' lang='lat' dir='ltr'>cum</span> <span class='ocrx_word' id='word_1_84' title='bbox 820 1710 893 1783; x_wconf 92' lang='lat' dir='ltr'>quo</span> <span class='ocrx_word' id='word_1_85' title='bbox 907 1688 1047 1762; x_wconf 89' lang='lat' dir='ltr'>vadunt</span> <span class='ocrx_word' id='word_1_86' title='bbox 1063 1685 1244 1782; x_wconf 83' lang='lat' dir='ltr'>magister</span> 
     </span>
    </p>
   </div>
   <div class='ocr_carea' id='block_1_4' title="bbox 150 1785 1253 2189">
    <p class='ocr_par' dir='ltr' id='par_1_7' title="bbox 150 1785 1253 2189">
     <span class='ocr_line' id='line_1_14' title="bbox 150 1785 1242 1884; baseline -0.004 -22"><span class='ocrx_word' id='word_1_87' title='bbox 150 1789 282 1862; x_wconf 90' lang='lat' dir='ltr'>Petrus</span> <span class='ocrx_word' id='word_1_88' title='bbox 297 1791 343 1862; x_wconf 93' lang='lat' dir='ltr'>de</span> <span class='ocrx_word' id='word_1_89' title='bbox 355 1787 482 1883; x_wconf 91' lang='lat' dir='ltr'>Vinea,</span> <span class='ocrx_word' id='word_1_90' title='bbox 499 1787 680 1884; x_wconf 82' lang='lat' dir='ltr'>magister</span> <span class='ocrx_word' id='word_1_91' title='bbox 694 1785 825 1860; x_wconf 89' lang='lat' dir='ltr'>Petrus</span> <span class='ocrx_word' id='word_1_92' title='bbox 841 1789 888 1862; x_wconf 92' lang='lat' dir='ltr'>de</span> <span class='ocrx_word' id='word_1_93' title='bbox 903 1786 1042 1862; x_wconf 87' lang='lat' dir='ltr'>Sancto</span> <span class='ocrx_word' id='word_1_94' title='bbox 1053 1786 1242 1862; x_wconf 87' lang='lat' dir='ltr'>Germano</span> 
     </span>
     <span class='ocr_line' id='line_1_15' title="bbox 152 1887 1242 2004; baseline -0.003 -42"><span class='ocrx_word' id='word_1_95' title='bbox 152 1901 189 1962; x_wconf 91' lang='lat' dir='ltr'>et</span> <span class='ocrx_word' id='word_1_96' title='bbox 209 1889 390 2004; x_wconf 85' lang='lat' dir='ltr'>magister</span> <span class='ocrx_word' id='word_1_97' title='bbox 407 1888 633 1962; x_wconf 86' lang='lat' dir='ltr'>Benedictus</span> <span class='ocrx_word' id='word_1_98' title='bbox 653 1890 699 1964; x_wconf 87' lang='lat' dir='ltr'>de</span> <span class='ocrx_word' id='word_1_99' title='bbox 718 1887 864 1985; x_wconf 84' lang='lat' dir='ltr'>Sernia,</span> <span class='ocrx_word' id='word_1_100' title='bbox 892 1898 935 1962; x_wconf 92' lang='lat' dir='ltr'>ut</span> <span class='ocrx_word' id='word_1_101' title='bbox 956 1913 1042 1962; x_wconf 91' lang='lat' dir='ltr'>cum</span> <span class='ocrx_word' id='word_1_102' title='bbox 1061 1888 1242 1985; x_wconf 82' lang='lat' dir='ltr'>magistro</span> 
     </span>
     <span class='ocr_line' id='line_1_16' title="bbox 150 1987 1253 2087; baseline -0.005 -23"><span class='ocrx_word' id='word_1_103' title='bbox 150 1991 366 2085; x_wconf 88' lang='lat' dir='ltr'>iustitiario,</span> <span class='ocrx_word' id='word_1_104' title='bbox 400 2013 527 2064; x_wconf 86' lang='lat' dir='ltr'>coram</span> <span class='ocrx_word' id='word_1_105' title='bbox 552 2013 650 2086; x_wconf 88' lang='lat' dir='ltr'>papa</span> <span class='ocrx_word' id='word_1_106' title='bbox 680 2012 746 2086; x_wconf 91' lang='lat' dir='ltr'>pro</span> <span class='ocrx_word' id='word_1_107' title='bbox 778 1999 884 2086; x_wconf 88' lang='lat' dir='ltr'>parte</span> <span class='ocrx_word' id='word_1_108' title='bbox 915 1987 1154 2087; x_wconf 86' lang='lat' dir='ltr'>imperatoris</span> <span class='ocrx_word' id='word_1_109' title='bbox 1185 1989 1253 2083; x_wconf 23' lang='lat' dir='ltr'>ius,</span> 
     </span>
     <span class='ocr_line' id='line_1_17' title="bbox 150 2091 541 2189; baseline -0.01 -25"><span class='ocrx_word' id='word_1_110' title='bbox 150 2091 270 2189; x_wconf 89' lang='lat' dir='ltr'>ipsius</span> <span class='ocrx_word' id='word_1_111' title='bbox 288 2093 541 2164; x_wconf 87' lang='lat' dir='ltr'>ostenderent.</span> 
     </span>
    </p>
   </div>
   <div class='ocr_carea' id='block_1_5' title="bbox 636 2237 759 2330">
    <p class='ocr_par' dir='ltr' id='par_1_8' title="bbox 636 2237 759 2330">
     <span class='ocr_line' id='line_1_18' title="bbox 636 2237 759 2330; baseline 0.008 -4"><span class='ocrx_word' id='word_1_112' title='bbox 636 2237 759 2330; x_wconf 83' lang='lat'>1233.</span> 
     </span>
    </p>
   </div>
   <div class='ocr_carea' id='block_1_6' title="bbox 149 2375 1273 4190">
    <p class='ocr_par' dir='ltr' id='par_1_9' title="bbox 149 2375 1244 3476">
     <span class='ocr_line' id='line_1_19' title="bbox 225 2375 1244 2476; baseline -0.001 -25"><span class='ocrx_word' id='word_1_113' title='bbox 225 2379 356 2451; x_wconf 88' lang='lat' dir='ltr'>blense</span> <span class='ocrx_word' id='word_1_114' title='bbox 370 2376 530 2450; x_wconf 90' lang='lat' dir='ltr'>Ianuarii</span> <span class='ocrx_word' id='word_1_115' title='bbox 544 2376 729 2452; x_wconf 90' lang='lat' dir='ltr'>Henricus</span> <span class='ocrx_word' id='word_1_116' title='bbox 748 2378 796 2450; x_wconf 89' lang='lat' dir='ltr'>de</span> <span class='ocrx_word' id='word_1_117' title='bbox 809 2377 932 2450; x_wconf 88' lang='lat' dir='ltr'>blorro</span> <span class='ocrx_word' id='word_1_118' title='bbox 947 2375 1130 2476; x_wconf 80' lang='lat' dir='ltr'>magister</span> <span class='ocrx_word' id='word_1_119' title='bbox 1143 2376 1244 2452; x_wconf 88' lang='lat' dir='ltr'>iusti-</span> 
     </span>
     <span class='ocr_line' id='line_1_20' title="bbox 150 2478 1244 2578; baseline -0.003 -23"><span class='ocrx_word' id='word_1_120' title='bbox 150 2479 280 2555; x_wconf 90' lang='lat' dir='ltr'>tiarius</span> <span class='ocrx_word' id='word_1_121' title='bbox 311 2504 333 2552; x_wconf 85' lang='lat' dir='ltr'>a</span> <span class='ocrx_word' id='word_1_122' title='bbox 364 2502 462 2578; x_wconf 88' lang='lat' dir='ltr'>papa</span> <span class='ocrx_word' id='word_1_123' title='bbox 493 2480 538 2551; x_wconf 91' lang='lat' dir='ltr'>ad</span> <span class='ocrx_word' id='word_1_124' title='bbox 571 2478 839 2576; x_wconf 85' lang='lat' dir='ltr'>imperatorem</span> <span class='ocrx_word' id='word_1_125' title='bbox 871 2479 908 2552; x_wconf 89' lang='lat' dir='ltr'>in</span> <span class='ocrx_word' id='word_1_126' title='bbox 933 2479 1108 2578; x_wconf 88' lang='lat' dir='ltr'>Apuliam</span> <span class='ocrx_word' id='word_1_127' title='bbox 1137 2479 1244 2576; x_wconf 88' lang='lat' dir='ltr'>redit,</span> 
     </span>
     <span class='ocr_line' id='line_1_21' title="bbox 150 2578 1244 2680; baseline -0.002 -24"><span class='ocrx_word' id='word_1_128' title='bbox 150 2606 262 2680; x_wconf 86' lang='lat' dir='ltr'>quem</span> <span class='ocrx_word' id='word_1_129' title='bbox 300 2578 490 2655; x_wconf 89' lang='lat' dir='ltr'>subsecuti</span> <span class='ocrx_word' id='word_1_130' title='bbox 525 2590 612 2654; x_wconf 89' lang='lat' dir='ltr'>sunt</span> <span class='ocrx_word' id='word_1_131' title='bbox 645 2579 795 2656; x_wconf 77' lang='lat' dir='ltr'>Landrm</span> <span class='ocrx_word' id='word_1_132' title='bbox 829 2581 1089 2654; x_wconf 86' lang='lat' dir='ltr'>Messanensis</span> <span class='ocrx_word' id='word_1_133' title='bbox 1124 2580 1244 2654; x_wconf 90' lang='lat' dir='ltr'>archi</span> 
     </span>
     <span class='ocr_line' id='line_1_22' title="bbox 151 2679 1244 2794; baseline -0.002 -38"><span class='ocrx_word' id='word_1_134' title='bbox 151 2682 353 2794; x_wconf 84' lang='lat' dir='ltr'>episcopus</span> <span class='ocrx_word' id='word_1_135' title='bbox 371 2705 456 2752; x_wconf 89' lang='lat' dir='ltr'>cum</span> <span class='ocrx_word' id='word_1_136' title='bbox 477 2679 621 2776; x_wconf 81' lang='lat' dir='ltr'>Regino</span> <span class='ocrx_word' id='word_1_137' title='bbox 647 2679 840 2778; x_wconf 82' lang='lat' dir='ltr'>episcopo,</span> <span class='ocrx_word' id='word_1_138' title='bbox 866 2680 984 2754; x_wconf 90' lang='lat' dir='ltr'>nuntii</span> <span class='ocrx_word' id='word_1_139' title='bbox 1011 2681 1092 2752; x_wconf 90' lang='lat' dir='ltr'>ad</span> <span class='ocrx_word' id='word_1_140' title='bbox 1084 2705 1244 2778; x_wconf 79' lang='lat' dir='ltr'>impera·</span> 
     </span>
     <span class='ocr_line' id='line_1_23' title="bbox 149 2780 1245 2894; baseline -0.002 -40"><span class='ocrx_word' id='word_1_141' title='bbox 149 2793 271 2855; x_wconf 89' lang='lat' dir='ltr'>torem</span> <span class='ocrx_word' id='word_1_142' title='bbox 291 2780 418 2854; x_wconf 86' lang='lat' dir='ltr'>directi</span> <span class='ocrx_word' id='word_1_143' title='bbox 438 2805 462 2852; x_wconf 90' lang='lat' dir='ltr'>a</span> <span class='ocrx_word' id='word_1_144' title='bbox 479 2804 587 2894; x_wconf 88' lang='lat' dir='ltr'>papa.</span> <span class='ocrx_word' id='word_1_145' title='bbox 639 2781 847 2878; x_wconf 86' lang='lat' dir='ltr'>Imperator</span> <span class='ocrx_word' id='word_1_146' title='bbox 865 2780 1040 2854; x_wconf 92' lang='lat' dir='ltr'>omnibus</span> <span class='ocrx_word' id='word_1_147' title='bbox 1060 2781 1245 2878; x_wconf 82' lang='lat' dir='ltr'>generali-</span> 
     </span>
     <span class='ocr_line' id='line_1_24' title="bbox 149 2879 1241 2980; baseline -0.005 -20"><span class='ocrx_word' id='word_1_148' title='bbox 149 2895 208 2960; x_wconf 86' lang='lat' dir='ltr'>ter</span> <span class='ocrx_word' id='word_1_149' title='bbox 239 2881 413 2980; x_wconf 88' lang='lat' dir='ltr'>prclatis,</span> <span class='ocrx_word' id='word_1_150' title='bbox 449 2879 664 2978; x_wconf 72' lang='lat' dir='ltr'>comitibus,</span> <span class='ocrx_word' id='word_1_151' title='bbox 699 2881 923 2978; x_wconf 70' lang='lat' dir='ltr'>baronibus,</span> <span class='ocrx_word' id='word_1_152' title='bbox 961 2881 1136 2956; x_wconf 89' lang='lat' dir='ltr'>militibus</span> <span class='ocrx_word' id='word_1_153' title='bbox 1163 2891 1241 2954; x_wconf 87' lang='lat' dir='ltr'>tarn</span> 
     </span>
     <span class='ocr_line' id='line_1_25' title="bbox 150 2983 1243 3082; baseline -0.002 -24"><span class='ocrx_word' id='word_1_154' title='bbox 150 2983 310 3058; x_wconf 85' lang='lat' dir='ltr'>laudatis</span> <span class='ocrx_word' id='word_1_155' title='bbox 335 3008 448 3082; x_wconf 87' lang='lat' dir='ltr'>quam</span> <span class='ocrx_word' id='word_1_156' title='bbox 472 3007 546 3060; x_wconf 90' lang='lat' dir='ltr'>non</span> <span class='ocrx_word' id='word_1_157' title='bbox 572 2983 732 3060; x_wconf 87' lang='lat' dir='ltr'>feudatis</span> <span class='ocrx_word' id='word_1_158' title='bbox 758 2986 925 3080; x_wconf 85' lang='lat' dir='ltr'>mandat,</span> <span class='ocrx_word' id='word_1_159' title='bbox 951 2993 991 3056; x_wconf 91' lang='lat' dir='ltr'>ut</span> <span class='ocrx_word' id='word_1_160' title='bbox 1014 2985 1061 3058; x_wconf 88' lang='lat' dir='ltr'>ad</span> <span class='ocrx_word' id='word_1_161' title='bbox 1087 3007 1130 3056; x_wconf 94' lang='lat' dir='ltr'>se</span> <span class='ocrx_word' id='word_1_162' title='bbox 1156 3007 1243 3057; x_wconf 91' lang='lat' dir='ltr'>curn</span> 
     </span>
     <span class='ocr_line' id='line_1_26' title="bbox 149 3083 1243 3184; baseline -0.003 -23"><span class='ocrx_word' id='word_1_163' title='bbox 149 3097 227 3162; x_wconf 93' lang='lat' dir='ltr'>toto</span> <span class='ocrx_word' id='word_1_164' title='bbox 253 3084 405 3160; x_wconf 88' lang='lat' dir='ltr'>servitio</span> <span class='ocrx_word' id='word_1_165' title='bbox 425 3088 521 3184; x_wconf 88' lang='lat' dir='ltr'>quod</span> <span class='ocrx_word' id='word_1_166' title='bbox 542 3083 667 3157; x_wconf 87' lang='lat' dir='ltr'>facere</span> <span class='ocrx_word' id='word_1_167' title='bbox 686 3095 862 3158; x_wconf 88' lang='lat' dir='ltr'>tenentur</span> <span class='ocrx_word' id='word_1_168' title='bbox 880 3087 977 3184; x_wconf 92' lang='lat' dir='ltr'>apud</span> <span class='ocrx_word' id='word_1_169' title='bbox 997 3084 1243 3178; x_wconf 64' lang='lat' dir='ltr'>Policoruml,</span> 
     </span>
     <span class='ocr_line' id='line_1_27' title="bbox 150 3184 1242 3282; baseline -0.004 -22"><span class='ocrx_word' id='word_1_170' title='bbox 150 3189 187 3260; x_wconf 93' lang='lat' dir='ltr'>in</span> <span class='ocrx_word' id='word_1_171' title='bbox 212 3186 346 3260; x_wconf 85' lang='lat' dir='ltr'>futuris</span> <span class='ocrx_word' id='word_1_172' title='bbox 373 3185 550 3262; x_wconf 86' lang='lat' dir='ltr'>Kalendis</span> <span class='ocrx_word' id='word_1_173' title='bbox 575 3185 764 3260; x_wconf 84' lang='lat' dir='ltr'>Februarii</span> <span class='ocrx_word' id='word_1_174' title='bbox 791 3188 974 3260; x_wconf 87' lang='lat' dir='ltr'>accedere</span> <span class='ocrx_word' id='word_1_175' title='bbox 1007 3184 1082 3258; x_wconf 88' lang='lat' dir='ltr'>sint</span> <span class='ocrx_word' id='word_1_176' title='bbox 1112 3185 1242 3282; x_wconf 88' lang='lat' dir='ltr'>parati.</span> 
     </span>
     <span class='ocr_line' id='line_1_28' title="bbox 150 3284 1243 3382; baseline -0.004 -22"><span class='ocrx_word' id='word_1_177' title='bbox 150 3289 254 3360; x_wconf 89' lang='lat' dir='ltr'>Tunc</span> <span class='ocrx_word' id='word_1_178' title='bbox 280 3287 385 3358; x_wconf 89' lang='lat' dir='ltr'>iussu</span> <span class='ocrx_word' id='word_1_179' title='bbox 413 3285 649 3382; x_wconf 86' lang='lat' dir='ltr'>imperatoris</span> <span class='ocrx_word' id='word_1_180' title='bbox 677 3285 875 3358; x_wconf 85' lang='lat' dir='ltr'>Lucerium</span> <span class='ocrx_word' id='word_1_181' title='bbox 908 3284 1040 3358; x_wconf 88' lang='lat' dir='ltr'>civitas</span> <span class='ocrx_word' id='word_1_182' title='bbox 1069 3284 1243 3357; x_wconf 89' lang='lat' dir='ltr'>Sarrace-</span> 
     </span>
     <span class='ocr_line' id='line_1_29' title="bbox 149 3383 996 3476; baseline -0.004 -16"><span class='ocrx_word' id='word_1_183' title='bbox 149 3410 283 3460; x_wconf 90' lang='lat' dir='ltr'>norum</span> <span class='ocrx_word' id='word_1_184' title='bbox 302 3383 482 3456; x_wconf 87' lang='lat' dir='ltr'>firmatur.</span> <span class='ocrx_word' id='word_1_185' title='bbox 517 3383 628 3456; x_wconf 90' lang='lat' dir='ltr'>Troie</span> <span class='ocrx_word' id='word_1_186' title='bbox 646 3383 770 3456; x_wconf 90' lang='lat' dir='ltr'>rneuia</span> <span class='ocrx_word' id='word_1_187' title='bbox 790 3383 996 3476; x_wconf 87' lang='lat' dir='ltr'>diruuntur.</span> 
     </span>
    </p>

    <p class='ocr_par' dir='ltr' id='par_1_10' title="bbox 150 3483 1256 3664">
     <span class='ocr_line' id='line_1_30' title="bbox 226 3483 1243 3584; baseline -0.002 -24"><span class='ocrx_word' id='word_1_188' title='bbox 226 3487 434 3584; x_wconf 86' lang='lat' dir='ltr'>lmperator</span> <span class='ocrx_word' id='word_1_189' title='bbox 452 3507 584 3558; x_wconf 88' lang='lat' dir='ltr'>mense</span> <span class='ocrx_word' id='word_1_190' title='bbox 602 3484 791 3560; x_wconf 84' lang='lat' dir='ltr'>Februarii</span> <span class='ocrx_word' id='word_1_191' title='bbox 808 3508 850 3560; x_wconf 82' lang='lat' dir='ltr'>se</span> <span class='ocrx_word' id='word_1_192' title='bbox 870 3487 916 3560; x_wconf 89' lang='lat' dir='ltr'>de</span> <span class='ocrx_word' id='word_1_193' title='bbox 930 3483 1063 3584; x_wconf 88' lang='lat' dir='ltr'>Apulia</span> <span class='ocrx_word' id='word_1_194' title='bbox 1082 3484 1118 3556; x_wconf 89' lang='lat' dir='ltr'>in</span> <span class='ocrx_word' id='word_1_195' title='bbox 1137 3485 1243 3560; x_wconf 90' lang='lat' dir='ltr'>Cala-</span> 
     </span>
     <span class='ocr_line' id='line_1_31' title="bbox 150 3585 1256 3664; baseline -0.007 0"><span class='ocrx_word' id='word_1_196' title='bbox 150 3585 271 3664; x_wconf 85' lang='lat' dir='ltr'>briam</span> <span class='ocrx_word' id='word_1_197' title='bbox 288 3585 442 3660; x_wconf 84' lang='lat' dir='ltr'>confert.</span> <span class='ocrx_word' id='word_1_198' title='bbox 728 3643 730 3648; x_wconf 86' lang='lat'>.</span> <span class='ocrx_word' id='word_1_199' title='bbox 1254 3605 1256 3609; x_wconf 76' lang='grc'>’</span> 
     </span>
    </p>

    <p class='ocr_par' dir='ltr' id='par_1_11' title="bbox 150 3685 1242 3988">
     <span class='ocr_line' id='line_1_32' title="bbox 225 3685 1241 3784; baseline -0.002 -25"><span class='ocrx_word' id='word_1_200' title='bbox 225 3685 406 3784; x_wconf 81' lang='lat' dir='ltr'>Magister</span> <span class='ocrx_word' id='word_1_201' title='bbox 415 3685 603 3759; x_wconf 89' lang='lat' dir='ltr'>lohannes</span> <span class='ocrx_word' id='word_1_202' title='bbox 618 3687 663 3758; x_wconf 88' lang='lat' dir='ltr'>de</span> <span class='ocrx_word' id='word_1_203' title='bbox 675 3685 814 3760; x_wconf 91' lang='lat' dir='ltr'>Sancto</span> <span class='ocrx_word' id='word_1_204' title='bbox 825 3685 1030 3781; x_wconf 89' lang='lat' dir='ltr'>Germano,</span> <span class='ocrx_word' id='word_1_205' title='bbox 1042 3685 1241 3762; x_wconf 83' lang='lat' dir='ltr'>Guilielrno</span> 
     </span>
     <span class='ocr_line' id='line_1_33' title="bbox 151 3785 1242 3885; baseline -0.007 -20"><span class='ocrx_word' id='word_1_206' title='bbox 151 3788 322 3866; x_wconf 89' lang='lat' dir='ltr'>eiusdem</span> <span class='ocrx_word' id='word_1_207' title='bbox 339 3785 500 3860; x_wconf 89' lang='lat' dir='ltr'>ecclesie</span> <span class='ocrx_word' id='word_1_208' title='bbox 518 3785 843 3885; x_wconf 88' lang='lat' dir='ltr'>archipresbytero</span> <span class='ocrx_word' id='word_1_209' title='bbox 862 3797 995 3884; x_wconf 87' lang='lat' dir='ltr'>sponte</span> <span class='ocrx_word' id='word_1_210' title='bbox 1015 3789 1186 3883; x_wconf 80' lang='lat' dir='ltr'>cedente,</span> <span class='ocrx_word' id='word_1_211' title='bbox 1204 3786 1242 3858; x_wconf 90' lang='lat' dir='ltr'>in</span> 
     </span>
     <span class='ocr_line' id='line_1_34' title="bbox 150 3886 1093 4002; baseline -0.004 -38"><span class='ocrx_word' id='word_1_212' title='bbox 150 3887 515 4002; x_wconf 84' lang='lat' dir='ltr'>archipresbyterum</span> <span class='ocrx_word' id='word_1_213' title='bbox 535 3886 662 3964; x_wconf 82' lang='lat' dir='ltr'>Sancti</span> <span class='ocrx_word' id='word_1_214' title='bbox 680 3887 858 3960; x_wconf 89' lang='lat' dir='ltr'>Germani</span> <span class='ocrx_word' id='word_1_215' title='bbox 878 3886 1093 3961; x_wconf 89' lang='lat' dir='ltr'>assumitur.</span> 
     </span>
    </p>

    <p class='ocr_par' dir='ltr' id='par_1_12' title="bbox 150 3986 1273 4190">
     <span class='ocr_line' id='line_1_35' title="bbox 225 3986 1273 4088; baseline -0.009 -19"><span class='ocrx_word' id='word_1_216' title='bbox 225 3987 424 4069; x_wconf 88' lang='lat' dir='ltr'>Castella</span> <span class='ocrx_word' id='word_1_217' title='bbox 415 4013 451 4062; x_wconf 91' lang='lat' dir='ltr'>m</span> <span class='ocrx_word' id='word_1_218' title='bbox 475 3988 612 4084; x_wconf 88' lang='lat' dir='ltr'>Trano,</span> <span class='ocrx_word' id='word_1_219' title='bbox 639 3987 748 4062; x_wconf 89' lang='lat' dir='ltr'>Baro</span> <span class='ocrx_word' id='word_1_220' title='bbox 742 3988 943 4088; x_wconf 85' lang='lat' dir='ltr'>Neapoly</span> <span class='ocrx_word' id='word_1_221' title='bbox 970 3998 1008 4062; x_wconf 89' lang='lat' dir='ltr'>et</span> <span class='ocrx_word' id='word_1_222' title='bbox 1032 3986 1242 4062; x_wconf 78' lang='lat' dir='ltr'>brundusio</span> <span class='ocrx_word' id='word_1_223' title='bbox 1271 4027 1273 4034; x_wconf 95' lang='lat'>·</span> 
     </span>
     <span class='ocr_line' id='line_1_36' title="bbox 150 4087 735 4190; baseline 0.005 -31"><span class='ocrx_word' id='word_1_224' title='bbox 150 4088 255 4164; x_wconf 92' lang='lat' dir='ltr'>iussu</span> <span class='ocrx_word' id='word_1_225' title='bbox 274 4088 511 4190; x_wconf 90' lang='lat' dir='ltr'>imperatoris</span> <span class='ocrx_word' id='word_1_226' title='bbox 531 4087 735 4162; x_wconf 86' lang='lat' dir='ltr'>firmantur.</span> 
     </span>
    </p>
   </div>
   <div class='ocr_carea' id='block_1_7' title="bbox 150 4223 578 4299">
    <p class='ocr_par' dir='ltr' id='par_1_13' title="bbox 150 4223 578 4299">
     <span class='ocr_line' id='line_1_37' title="bbox 150 4223 578 4299; baseline 0.005 -21"><span class='ocrx_word' id='word_1_227' title='bbox 150 4223 205 4294; x_wconf 80' lang='lat' dir='ltr'>a)</span> <span class='ocrx_word' id='word_1_228' title='bbox 195 4230 266 4282; x_wconf 78' lang='lat' dir='ltr'>nori</span> <span class='ocrx_word' id='word_1_229' title='bbox 285 4244 308 4281; x_wconf 80' lang='lat' dir='ltr'>c.</span> <span class='ocrx_word' id='word_1_230' title='bbox 383 4226 411 4299; x_wconf 85' lang='lat' dir='ltr'>b)</span> <span class='ocrx_word' id='word_1_231' title='bbox 429 4223 578 4282; x_wconf 83' lang='lat' dir='ltr'>Palicorc.</span> 
     </span>
    </p>
   </div>
   <div class='ocr_carea' id='block_1_8' title="bbox 0 0 1680 5026">
    <p class='ocr_par' dir='ltr' id='par_1_14' title="bbox 0 0 1680 5026">
     <span class='ocr_line' id='line_1_38' title="bbox 0 0 1680 5026; baseline 0 0"><span class='ocrx_word' id='word_1_232' title='bbox 0 0 1680 5026; x_wconf 95' lang='lat' dir='ltr'> </span> 
     </span>
    </p>
   </div>
  </div>
 </body>
</html>
