3352 5026
413 443 462 514 86
612 434 893 509 RYCCrlRDUS
921 435 982 506 DE
1009 433 1044 506 S.
1074 432 1303 505 GERMANO

414 649 489 711 tota
516 649 615 709 terra
642 635 874 730 monasterii,
898 635 1079 732 Arpinum
1107 657 1255 730 quoque
1275 643 1311 704 et
1330 633 1509 706 Fontana.

415 743 584 836 Cumque
613 740 657 808 ad
684 736 937 833 recipiendam
965 735 1098 808 Soram
1126 735 1263 806 dictum
1284 737 1511 806 Acerrarum

416 840 594 912 comitem
615 837 779 908 mitteret
797 837 1014 932 imperator,
1041 835 1166 932 ipsum
1186 835 1318 908 Sorani
1343 835 1512 932 recipere

415 949 735 1036 contempserunt.

492 1042 595 1112 Tunc
615 1039 765 1136 quidam
785 1061 913 1108 comes
932 1036 1029 1107 hlaiv
1049 1039 1095 1108 dc
1113 1035 1293 1107 Romania
1316 1015 1401 1106 cum
1423 1059 1512 1106 non·

417 1142 527 1212 nullis
554 1139 685 1211 Grecis
714 1139 889 1210 militibus
917 1141 962 1208 de
989 1135 1171 1208 Romania
1201 1159 1246 1207 ex
1273 1147 1378 1232 parte
1404 1138 1513 1210 Com-

344 1235 345 1238 '
417 1242 543 1313 miano
563 1243 607 1312 nd
627 1241 893 1336 imperatorem
915 1261 999 1311 cum
1020 1237 1170 1334 magnis
1186 1237 1403 1309 muneribus
1421 1261 1512 1307 uun·

417 1341 630 1415 tinsvenit„

493 1443 596 1513 Tunc
619 1441 654 1513 in
675 1463 783 1510 rocca
804 1439 932 1510 lanule
953 1437 1102 1532 quidam
1123 1439 1167 1508 de
1188 1437 1357 1511 Calabria
1378 1439 1511 1510 castel-

415 1544 524 1614 lanos
545 1541 779 1614 constitutus.
826 1541 866 1610 ln
885 1539 1024 1612 Sancto
1044 1539 1233 1610 Germano
1256 1561 1325 1634 per
1350 1537 1510 1634 impera·

416 1655 536 1715 torem
558 1642 666 1714 baiuli
687 1641 903 1712 ordinantur
921 1640 1142 1711 Guilielmus
1163 1642 1208 1710 de
1228 1639 1364 1709 linntra
1386 1639 1510 1727 331333-

416 1745 527 1815 theus
549 1741 769 1814 Dionisius⁸.
802 1741 840 1811 ln
861 1751 937 1810 tota
958 1751 1054 1812 terra
1077 1739 1195 1811 sancti
1210 1739 1400 1810 Benedicti
1417 1741 1511 1832 Ray·

418 1845 544 1915 narius
563 1841 763 1938 Belegrimi
792 1851 829 1912 et
847 1841 936 1912 Bart
939 1825 1135 1912 holomeus
1160 1844 1204 1911 de
1225 1839 1360 1911 Bantra
1387 1865 1510 1911 earne-

418 1945 503 2014 33333
533 1943 758 2015 ordinantur
808 1942 846 2012 ln
876 1965 986 2013 rocca
1014 1942 1151 2012 Bantre
1180 1941 1344 2013 Thomas
1371 1944 1416 2012 de
1436 1942 1510 2012 llla-

416 2046 535 2141 gistro
556 2043 783 2116 castellanus
803 2041 961 2139 ponitur.

492 2146 700 2241 Imperator
732 2167 821 2215 suas
850 2141 885 2212 in
912 2141 1172 2214 Lombardiam
1207 2151 1243 2212 et
1268 2141 1440 2212 Tusciam
1474 2151 1513 2212 et

418 2245 726 2318 Romanniolamb
745 2244 886 2316 litteras
908 2243 1084 2339 dirigitin
1105 2242 1176 2313 hac
1194 2243 1332 2313 forma:

493 2347 762 2418 Fredericust
728 2353 790 2418 etc.
815 2351 972 2438 potestat
933 2347 1050 2415 artibus
1077 2343 1340 2414 consulibuset
1363 2341 1510 2413 coasilio

417 2449 538 2517 civitat
539 2469 596 2516 um
616 2445 842 2538 bombardie‚
861 2444 1021 2531 fidelibus
1039 2445 1112 2515 suis
1131 2451 1193 2514 etc.
1248 2443 1291 2514 Ut
1309 2443 1351 2514 de
1370 2449 1510 2514 nostra-

416 2569 494 2616 rura
526 2547 694 2631 felicitate
725 2567 950 2616 successuum
983 2551 1080 2614 certa
1114 2569 1176 2614 uos
1207 2567 1302 2614 nova
1338 2543 1510 2634 3333333333,

418 2647 543 2717 vestris
585 2645 750 2717 ducimus
789 2644 973 2717 desideriis
1005 2645 1226 2738 presentibus
1261 2643 1510 2734 intimandum,

417 2746 514 2840 quod
539 2769 604 2818 33333
630 2745 672 2817 de
698 2746 945 2817 ultramarinis
969 2745 1132 2838 partibvs
1156 2767 1329 2838 prospere
1352 2767 1416 2836 per·
1444 2742 1511 2812 Dei

362 2883 374 2891 -
415 2849 573 2940 pratiam
594 2847 798 2940 redeuntes,
827 2845 869 2917 de
888 2847 1037 2916 inimicis
1055 2847 1186 2916 nostris
1205 2846 1263 2940 qui
1282 2867 1429 2938 reprcunt
1449 2866 1510 2912 no-

416 2953 528 3017 strum
550 2949 758 3018 invaserant
774 2945 923 3030 feliciter
939 2944 1245 3038 triumphavimus,
1266 2945 1348 3016 durn
1365 2942 1511 3014 audien-

417 3053 468 3116 333
492 3069 557 3117 333
576 3053 703 3116 contra
729 3069 789 3116 eos
807 3048 843 3114 in
861 3067 971 3115 333333
990 3044 1113 3116 valida
1133 3052 1166 3116 33
1177 3047 1314 3138 potenti
1333 3049 1510 3135 venturos,

417 3169 488 3216 nvn
508 3147 699 3238 eapeetatis
714 3153 778 3216 3333
792 3147 943 3238 expertis
957 3144 1088 3216 viridas
1102 3147 1246 3237 3333333,
1264 3147 1300 3216 33
1316 3145 1511 3237 Campania

415 3246 543 3330 finibus
567 3248 651 3339 supe
673 3246 740 3317 33333
755 3245 950 3338 presidium
969 3245 1156 3339 cleperunt.
1210 3244 1337 3339 Sisque
1355 3243 1510 3316 Domino

354 3391 355 3395 =
417 3353 642 3440 cooperante,
671 3352 703 3416 33
725 3369 791 3418 333
816 3348 1006 3416 eomitante
1024 3347 1158 3417 iustitia
1183 3369 1248 3440 pue
1274 3343 1316 3416 de
1335 3345 1409 3416 cela
1426 3367 1511 3436 pro·

415 3449 546 3538 specil,
574 3446 670 3540 quod
694 3449 761 3540 ipsi
783 3446 826 3517 de
851 3469 961 3539 repno
987 3453 1129 3539 nostro,
1162 3446 1263 3516 nobis
1291 3445 1506 3536 absentibus,

412 3567 478 3640 per
508 3549 595 3616 3333
625 3547 806 3618 dimidium
840 3553 1121 3638 vccrrpaverunt5
1159 3569 1224 3616 nos
1251 3547 1348 3616 brevi
1374 3545 1510 3615 dierum

414 3649 533 3739 spatio
559 3649 887 3740 recuperaverimus
912 3652 946 3715 ct
969 3647 1214 3716 revocavimus
1238 3644 1289 3717 ad
1305 3645 1509 3717 demanium

416 3753 449 3817 et
467 3746 659 3818 dominium
679 3753 851 3818 nostrum.
907 3744 1063 3818 Veientes
1081 3747 1189 3840 ipitur
1206 3748 1343 3840 imperii
1362 3753 1396 3816 33
1412 3747 1513 3838 repvi

415 3849 528 3918 nostri
547 3848 693 3941 quietem
714 3852 748 3917 33
762 3867 887 3938 {racem
907 3865 987 3917 33333
1006 3847 1153 3918 consilio
1172 3853 1288 3918 vestro
1310 3847 1510 3939 disponere,

415 3971 460 4020 ac
470 3949 503 4018 in
518 3947 722 4018 Teutonicum
733 3971 750 4016 e
761 3947 905 4040 vestipio
918 3970 1128 4040 properare,
1142 3947 1342 4034 fidelitatem
1355 3951 1509 4016 vestram

415 4071 598 4118 monemus
626 4053 667 4119 et·
682 4047 872 4118 hortamur
898 4049 1082 4138 attentius,
1109 4049 1258 4134 firmiter
1283 4071 1328 4117 ae
1353 4045 1510 4116 districte

411 4147 639 4239 precipiendo
666 4147 892 4239 inundantes,
920 4149 1088 4240 quatinus
1114 4147 1180 4220 hiis
1204 4148 1352 4240 receptis
1374 4145 1510 4239 litteris,

414 4276 438 4346 3)
459 4261 554 4328 dionis.
575 4293 597 4330 3.
673 4277 699 4343 bl
718 4261 894 4330 Rominolsur
915 4294 937 4332 c.
