3326 5022
530 440 569 511 n.
601 441 708 514 noa
739 440 845 512 1200.
1185 438 1231 510 23

628 635 752 726 1200.

212 773 431 872 Dyopuldus
447 797 578 845 comes
594 797 677 848 cum
690 770 873 869 aliquibus
885 794 970 842 curn
982 770 1116 868 quibus
1127 770 1209 868 ipse
1220 783 1232 814 ⁵
1243 776 1273 879 ‘g-
1285 776 1343 845 lnt-

137 885 376 949 remanserat
386 875 634 970 lllarcualdus,
650 897 736 944 curn
750 873 885 970 quibus
898 895 967 969 per
980 895 1141 968 regnum
1157 871 1233 944 ubi-
1243 906 1263 936 a.
1278 891 1343 941 rua.

139 1001 211 1075 que
231 978 447 1050 discurrens
461 976 558 1046 mala
573 975 771 1048 innumera
787 973 1057 1068 committebat,
1076 971 1233 1071 prestito

139 1088 231 1175 aput
247 1076 450 1149 Venafrum
480 1076 725 1173 corporaliter
751 1083 991 1148 sacramento
1017 1077 1063 1146 de
1086 1097 1162 1146 non
1182 1073 1234 1144 of·

138 1179 325 1251 fendendo
357 1177 519 1274 amplius
552 1187 650 1248 terra
681 1175 802 1249 sancti
828 1174 1040 1271 Benedicti,
1080 1184 1235 1272 propter

139 1281 236 1377 quod
261 1277 437 1351 homines
457 1276 584 1351 Sancti
604 1277 783 1350 Germani
802 1275 872 1348 sibi
891 1300 965 1347 non
986 1279 1170 1348 cavebant
1187 1279 1233 1348 ab

138 1403 198 1474 eo,
224 1379 306 1477 ipsc
325 1378 543 1476 Dyopuldus
563 1401 648 1449 cum
668 1376 898 1474 perditorum
917 1386 1032 1473 gente
1051 1385 1233 1448 nocturno

138 1489 311 1577 tempore
337 1478 523 1551 hostiliter
548 1488 687 1550 terram
720 1476 848 1550 Sancti
880 1475 1058 1549 Germani
1084 1475 1235 1548 intravit

138 1604 238 1651 nono
256 1578 391 1674 Martii,
410 1602 570 1677 eamque
590 1567 682 1651 dan's
697 1577 733 1649 in
750 1577 997 1675 direptionem
1012 1587 1051 1650 et
1064 1578 1324 1676 predam,Marr.

137 1681 300 1753 miseros
327 1703 422 1777 quos
450 1678 592 1751 invenit
618 1680 655 1750 in
684 1701 728 1751 ea
753 1679 930 1752 homines
952 1678 1079 1752 multis
1099 1677 1234 1752 adiecit
1271 1667 1297 1722 ⁹·

137 1780 314 1880 periculis
340 1790 377 1852 et
407 1780 627 1876 tormentis,
661 1789 821 1878 postque
854 1804 896 1853 se
929 1779 1115 1852 redimere
1147 1789 1235 1854 sunt

139 1881 269 1954 coacti.
322 1881 448 1953 Abbas
473 1904 563 1954 vero
590 1881 652 1978 qui
679 1892 760 1953 erat
782 1880 819 1952 in
848 1880 997 1954 civitate
1015 1881 1117 1980 ipsa,
1144 1881 1234 1978 suga
1330 1909 1331 1912 ¹

139 1983 262 2056 media
277 2005 362 2054 cum
378 1981 560 2078 Gregorio
578 1983 693 2054 Fratre
713 2005 782 2055 suo
801 1981 837 2054 in
856 1981 1009 2054 Atinum
1028 2006 1071 2055 se
1090 1981 1234 2080 recipit,

140 2094 177 2156 et
196 2083 329 2156 exinde
356 2106 398 2156 se
417 2083 453 2154 in
473 2081 651 2155 Marsiam
671 2083 839 2178 contulit,
865 2083 989 2180 gentis
1010 2083 1190 2156 auxilium
1211 2105 1233 2154 a

140 2184 268 2259 Celani
295 2181 433 2256 comite
460 2182 656 2280 petiturus.
709 2183 780 2271 Qui
800 2207 886 2254 cum
904 2184 1104 2256 illud-dare
1120 2186 1233 2256 dene·

140 2295 249 2382 garet
267 2284 402 2380 eidem,
422 2286 467 2355 ad
487 2284 719 2378 Raynaldurn
741 2284 993 2357 Senebaldunr
1013 2282 1234 2357 fiducialiter

139 2385 218 2480 ivit,
245 2383 306 2483 qui
332 2394 451 2457 totum
478 2393 677 2478 argentum
705 2407 815 2458 suum
844 2383 912 2458 sibi
936 2384 1140 2458 liberaliter
1160 2395 1234 2456 tra·

140 2485 242 2581 didit,
270 2508 355 2557 cum
376 2509 449 2583 quo
469 2478 609 2583 aliquot
627 2484 778 2558 retinuit
796 2485 1008 2559 servientes
1031 2497 1067 2558 et
1086 2485 1234 2558 balista·

140 2587 239 2680 riou,
280 2609 366 2658 oum
398 2585 531 2684 quibus
563 2586 713 2660 rediens
744 2609 813 2685 per
843 2596 1043 2682 montana,
1083 2585 1234 2660 intravit

140 2698 323 2758 nocturno
342 2698 514 2784 ternpore
534 2686 817 2760 monasterium.
867 2687 950 2774 Quo
970 2687 1119 2783 cognito
1138 2688 1233 2780 Dyo·

139 2788 288 2886 puldus,
315 2811 401 2859 cum
425 2785 549 2885 ipsum
575 2789 747 2860 abbatem
777 2811 861 2860 cum
887 2787 1036 2884 magnis
1064 2789 1235 2860 crederet

139 2888 278 2961 viribus
297 2887 467 2982 rediisse,
494 2897 617 2960 metus
638 2912 753 2961 causa
772 2889 1040 2986 depopulatam
1057 2887 1232 2985 linquens

138 3001 277 3062 terram
306 2987 431 3062 Sancti
460 2987 639 3060 Germani
668 2988 797 3083 exivit,
835 3001 872 3062 et
903 3013 1034 3062 secum
1063 2988 1232 3088 captivos

140 3092 322 3188 quosdam
342 3092 388 3162 de
407 3099 508 3162 terra
527 3089 607 3186 ipsa
628 3093 674 3162 ad
693 3113 843 3163 roccam
862 3090 969 3163 Arcis
988 3089 1149 3164 deduxit.

212 3191 265 3264 uo
285 3214 383 3262 anno
400 3189 520 3262 dictus
536 3193 650 3263 abbas
665 3214 815 3263 roccam
830 3191 907 3262 lani
923 3215 1040 3290 super
1051 3189 1229 3264 Sanctum
1245 3204 1324 3258 troo.

139 3289 369 3364 Germanum
385 3287 560 3386 firmavit,
580 3301 618 3362 et
636 3291 836 3388 providens
856 3291 1115 3390 indempnitati
1131 3302 1232 3364 terre

140 3391 323 3486 eiusdem,
351 3415 435 3464 eam
464 3415 532 3489 per
550 3391 743 3464 circuitum
764 3387 881 3465 mu‘ris
899 3391 1075 3488 firmavit,
1103 3401 1140 3465 et
1157 3402 1233 3464 tur·

139 3491 240 3564 ribus
261 3502 298 3563 et
316 3491 518 3590 aggeribus
539 3492 793 3566 communivit.
859 3567 868 3573 ,

214 3591 429 3687 Dyopuldus
450 3615 539 3664 vero
559 3593 633 3666 iam
653 3594 771 3667 dictus
791 3616 925 3666 mense
944 3590 1036 3664 lunii
1056 3601 1147 3689 aput
1163 3589 1304 3663 Ve-un.

140 3689 288 3761 nafrum
320 3712 405 3762 cum
438 3692 573 3764 comite
606 3694 734 3766 Celani
771 3693 1029 3791 congreditur,
1070 3713 1232 3788 eumque

140 3789 343 3889 campestri
375 3791 472 3863 bello
504 3791 666 3888 fugavit,
703 3793 876 3893 cepitque
906 3806 996 3868 tunc
1025 3793 1232 3866 Berardum

138 3891 255 3964 filium
285 3916 417 3988 suum,
451 3915 564 3989 quem
596 3896 693 3992 apud
723 3918 873 3968 roccam
904 3896 1010 3970 Arois
1043 3893 1231 3992 captivum

139 3993 251 4068 duxit.

139 4185 162 4254 a]
183 4202 208 4236 rn
229 4184 363 4256 aliquibus
382 4203 443 4240 cum
464 4185 562 4256 quibus
581 4187 640 4256 ipso
658 4189 710 4241 iarn
730 4188 925 4242 desiderantur.
