3352 5026
632 381 672 453 A.
704 379 810 454 1230.
1227 377 1299 450 95·

179 607 358 657 sermone
386 583 499 675 diem,
527 581 585 652 coi
611 579 733 652 dionis
754 579 891 652 Sancte
910 578 1047 651 Sabine
1075 579 1273 650 cardinalis

180 685 371 757 luculento
389 706 464 754 non
478 680 603 752 minus
622 679 792 752 eratione
810 678 1013 776 respondit.

365 799 590 894 Prieilepiam
606 801 805 893 principum
824 795 1036 871 Alamannie
1049 793 1089 867 ³⁶.

256 900 298 971 ln
320 901 463 972 nominc
486 899 640 972 Donrini.
677 897 796 970 Amen.
848 898 924 970 Nos
951 896 1143 970 Bertoldas
1168 897 1382 992 Aqui-¹⁰¹2&

178 999 331 1095 lepensis
348 999 577 1094 patriarcba,
605 1007 663 1071 et.
684 1055 692 1070 .
712 998 1000 1093 archiepiscopus
1019 996 1275 1092 Solscbarpen-

178 1103 239 1190 sis,
259 1155 267 1172 .
288 1156 296 1172 .
315 1102 501 1194 episcopas
517 1099 808 1194 Ralysponcnsis,
836 1097 1053 1192 bpnrpulclas
1070 1095 1210 1169 Aestrie
1229 1124 1273 1170 ac

179 1199 297 1294 Stirie,
317 1255 325 1271 .
345 1257 352 1270 .
382 1198 572 1292 Carintlrie,
592 1205 629 1271 a
645 1199 732 1272 Octo
751 1196 950 1270 Mocooie³⁷
965 1199 1082 1291 eluces,
1103 1198 1170 1270 Dei
1187 1223 1272 1293 prn-

178 1303 233 1372 tia
244 1302 426 1395 principes
443 1301 591 1394 imperii,
615 1323 682 1393 per
701 1322 851 1392 presens
868 1300 1037 1390 scriptam
1057 1305 1178 1369 notam
1197 1303 1274 1386 fieri

177 1400 342 1472 voluntas
353 1401 537 1492 universis,
556 1399 653 1494 pnocl
669 1401 760 1470 inter
776 1403 1050 1470 sacrosanctam
1068 1397 1272 1468 Romanam

176 1500 363 1573 ecclesiam
388 1505 542 1572 matrem
568 1505 732 1570 nostram
759 1506 793 1569 et
818 1499 1014 1590 dominam,
1042 1503 1077 1568 el
1092 1500 1273 1570 serenissi-

176 1623 272 1672 mum
292 1600 474 1672 dominam
500 1604 663 1671 nostrum
687 1599 913 1671 Freclcricam
939 1597 1184 1669 Rornanorum
1210 1600 1272 1669 im·

171 1707 380 1794 peratorem
397 1721 536 1796 semper
554 1705 757 1794 crnpnstnm,
784 1696 1000 1770 lberasolem
1026 1704 1061 1770 et
1079 1698 1195 1770 Sicilie
1219 1722 1272 1770 re·

175 1823 266 1896 pem,
289 1801 460 1895 convenit,
480 1799 577 1895 qaod
595 1799 638 1871 cle
657 1803 834 1870 communi
853 1823 976 1870 eornm
996 1797 1177 1870 voluntate
1196 1805 1271 1870 tra-

176 1901 331 1973 ctabitur
348 1900 391 1973 dc
409 1903 468 1972 oia
485 1899 707 1994 invenienda,
729 1901 881 1994 qualiter
900 1899 951 1970 acl
968 1901 1082 1992 ipsam
1102 1899 1269 1971 doronem

175 2003 426 2096 imperatorem
446 2024 525 2072 carn
544 1999 681 2072 honore
699 2000 853 2089 ecclesie,
884 1999 1062 2070 Gaielana
1088 2006 1120 2069 et
1139 1999 1271 2070 Sanele

176 2099 312 2194 Apotlre
337 2103 514 2190 civitates,
549 2106 584 2170 et
609 2122 730 2170 carnes
756 2123 835 2169 cam
865 2099 966 2170 bonis
993 2100 1067 2170 sais
1093 2099 1137 2170 cle
1161 2123 1270 2194 repca

177 2200 293 2272 Sicilie
317 2223 407 2294 quos
430 2201 466 2270 in
489 2198 558 2287 fide
584 2221 653 2270 saa
681 2201 812 2292 recepit
833 2198 982 2270 ecclesia
1010 2201 1104 2268 etin
1130 2200 1270 2270 ecclesie

176 2299 361 2371 devotione
376 2299 587 2392 perdurant,
608 2304 843 2370 revertenter.
881 2296 936 2369 Aa
953 2321 1054 2392 quem
1073 2304 1268 2369 tractatam

174 2399 284 2472 elatas
301 2405 355 2471 esl
371 2421 500 2492 annus,
518 2401 587 2470 nisi
605 2405 687 2470 onte
706 2401 764 2469 via
784 2398 903 2470 voleat
920 2399 1077 2490 inveniri,
1097 2399 1147 2470 acl
1161 2421 1268 2492 qaam

174 2499 422 2571 inveniendam
451 2499 548 2570 elicta
575 2505 692 2571 mater
715 2499 864 2571 ecclesio
892 2522 1017 2570 caram
1045 2505 1079 2570 et
1102 2499 1268 2571 solliciln-

175 2600 291 2671 clinem
319 2599 487 2672 adbibere
506 2601 690 2692 promisit,
727 2623 790 2670 nec
814 2599 909 2671 ultra
936 2602 1106 2670 terminus
1133 2602 1201 2671 nisi
1226 2601 1268 2670 cle

174 2721 348 2771 consensa
373 2701 531 2793 portium
556 2700 825 2794 prorepabitnr.
886 2697 948 2770 Set
972 2701 1013 2791 si,
1041 2698 1139 2792 qaod
1163 2701 1267 2793 obsit,

173 2801 272 2885 infra
290 2802 406 2894 ipsum
424 2801 611 2871 terminans
632 2802 689 2870 via
708 2800 857 2870 inveniri
873 2822 945 2870 non
970 2800 1093 2892 possit,
1121 2822 1164 2869 ec
1186 2805 1268 2870 lanc

165 2924 237 2994 per
265 2900 422 2972 arbitros
449 2901 681 2972 communiter
705 2899 883 2994 elipenclos
905 2898 1119 2992 procedetur
1142 2901 1176 2969 in
1196 2901 1266 2991 vio,

173 3007 213 3072 at
238 3001 370 3074 dictam
398 3007 468 3093 est,
507 3000 703 3095 elipcnclo„
723 3023 873 3095 pnomm
901 3001 971 3072 sint
997 2999 1068 3072 cluo
1094 3023 1138 3071 ec
1161 3007 1267 3092 parte

173 3101 315 3174 ecclesie
332 3109 366 3174 el
383 3103 455 3173 dno
473 3125 517 3172 ec
528 3107 635 3195 porte
650 3103 887 3195 imperatoris.
921 3101 987 3187 Oai
999 3102 1030 3171 si
1043 3101 1267 3172 concordare

153 3223 243 3274 'non
265 3205 430 3295 poterint,
458 3203 615 3295 quintam
642 3201 780 3296 elipent,
807 3207 840 3272 et
866 3202 959 3272 elicto
982 3202 1132 3270 maioris
1148 3203 1265 3292 partis

172 3302 335 3373 stabitur.
380 3302 534 3372 Prestitit
551 3309 668 3372 autem
688 3301 853 3369 dominus
871 3302 1068 3391 imperator
1086 3301 1264 3370 iuramen-

171 3405 246 3470 tam
269 3423 335 3491 per
364 3400 536 3470 Thomam
562 3399 605 3471 cle
631 3396 768 3492 Aquino
793 3396 1008 3468 Acerrornm
1035 3399 1195 3468 comitem
1221 3398 1264 3475 cle

170 3499 346 3569 mandato
364 3523 429 3569 sao
447 3501 482 3570 in
498 3501 622 3570 anima
636 3521 702 3570 saa
716 3500 905 3586 iurantem,
925 3497 1022 3592 quael
1033 3499 1170 3568 interim
1184 3521 1264 3589 prc-

171 3596 287 3669 diclas
304 3603 423 3670 terras
441 3605 475 3670 et
490 3598 649 3670 homines
667 3622 738 3669 non
757 3597 914 3684 offendet
930 3621 993 3669 nec
1009 3599 1186 3691 permittet
1209 3601 1264 3682 of-

168 3696 268 3783 fendi
293 3721 317 3768 a
342 3699 427 3790 saio,
455 3705 489 3770 et
513 3701 619 3791 viam,
647 3721 712 3793 pue
739 3700 932 3770 invenietur
954 3722 1018 3789 per
1042 3722 1262 3770 commanem

169 3803 366 3870 tractatam
393 3805 517 3870 sancte
541 3798 702 3870 Romane
730 3799 872 3871 ecclesie
897 3804 931 3868 et
954 3798 1108 3869 eiusdem
1129 3799 1264 3868 domini

169 3901 409 3992 imperatoris,
439 3899 492 3970 nel
515 3923 580 3992 per
607 3899 775 3992 arbitros,
802 3901 876 3992 ipse
895 3898 1262 3992 domnusimperator

167 3997 379 4072 observabit.

167 4127 217 4203 36)
244 4125 460 4190 nuthenricam
489 4128 556 4190 eius
580 4129 712 4188 termam
735 4146 773 4188 ex
797 4134 920 4205 regesto
944 4126 1086 4206 Gregorii
1109 4126 1164 4190 lX.
1188 4125 1259 4186 dedi

167 4210 283 4292 Legum
306 4213 339 4274 Τ.
363 4213 398 4276 ΙΙ.
424 4233 492 4293 pag.
515 4214 587 4277 270.
673 4212 723 4292 37)
747 4211 766 4275 i.
790 4233 816 4272 e.
840 4209 987 4273 Mesenis.
