3352 5026
435 465 504 538 122
634 457 916 535 RYCCARDUS
943 461 1005 532 DE
1032 460 1069 533 S.
1097 459 1325 534 GERMANO

432 665 597 736 fautores
616 686 710 760 quos
730 660 916 734 invenerit
933 660 1044 733 huius
1064 659 1229 734 criminis
1250 683 1350 756 reos,
1370 663 1439 732 sub
1458 683 1527 732 suo

432 775 470 837 et
487 762 672 836 iustitiarii
690 773 791 836 terre
809 761 963 836 Laboris
982 761 1197 835 testimonio
1224 761 1293 834 sibi
1320 763 1456 834 debeat
1473 761 1527 832 in·

429 865 575 938 timore.

506 963 711 1060 Gregorius
732 986 830 1060 papa
848 956 987 1034 Urbe'm
1013 959 1156 1055 exiens,
1184 960 1287 1032 venit
1303 961 1526 1057 Anagniam.

406 1145 407 1148 Ἴ
506 1065 637 1137 Mense
655 1062 814 1160 Augusti
840 1065 885 1134 ad
905 1065 1124 1134 mandatum
1143 1061 1314 1134 Hectoris
1334 1063 1380 1134 de
1398 1063 1526 1134 Monte

431 1164 589 1236 Fusculo
616 1163 800 1237 iustitiarii
824 1173 923 1235 terre
950 1162 1104 1236 Laboris
1133 1171 1223 1260 aput
1247 1162 1416 1234 Teanum
1442 1186 1526 1260 pre·

429 1264 495 1338 lati
521 1264 583 1338 isti
611 1264 837 1338 conveniunt
863 1263 900 1334 in
928 1263 987 1336 die
1006 1267 1052 1336 ab
1072 1264 1207 1359 eodem
1224 1261 1419 1335 iustitiario
1439 1285 1527 1335 con-

432 1365 580 1462 stituto,
608 1365 750 1438 scilicet
776 1365 1027 1459 Casertanus‚
1055 1361 1271 1460 Calvensis,
1300 1362 1527 1461 Catinensis,

435 1467 682 1554 Venafranus
701 1465 908 1562 Aliphanus
925 1475 961 1536 et
975 1465 1159 1559 Nolanus3
1179 1473 1239 1537 set
1252 1463 1375 1560 nullus
1392 1487 1525 1536 eorum

430 1592 472 1642 se
499 1567 712 1640 molestiam
737 1567 798 1638 vel
824 1565 997 1638 iniuriam
1022 1589 1180 1664 passum
1199 1565 1317 1638 fuisse
1336 1568 1382 1638 ab
1401 1565 1524 1662 aliquo

294 1763 295 1766 Ἴ
430 1667 645 1742 officialium
665 1677 894 1763 conquestus
916 1677 983 1738 est.

505 1769 646 1840 Eodem
665 1791 799 1838 mense
818 1769 1036 1839 mandatum
1055 1769 1100 1838 de
1121 1765 1299 1840 diruendo
1320 1769 1438 1862 burgo
1457 1767 1526 1840 Ca·

432 1891 505 1965 pue
525 1869 570 1939 ad
589 1866 814 1964 magistrum
832 1865 1070 1940 iustitiarium
1090 1891 1111 1938 a
1131 1889 1263 1939 cesare
1283 1866 1483 1938 emanavit.

506 1968 645 2041 Hector
674 1970 720 2040 de
750 1967 877 2040 Monte
908 1967 1068 2040 Fusculo
1099 1989 1169 2065 per
1200 1966 1470 2065 imperatorem
1502 1991 1525 2039 a

431 2067 680 2150 iustitiariatu
699 2079 917 2166 amovetur,
959 2078 998 2140 et
1028 2067 1244 2167 Stephanus
1276 2070 1321 2141 de
1350 2068 1523 2166 Anglone

432 2168 667 2243 substituitur
683 2167 745 2242 illi.

506 2271 619 2342 ludex
646 2269 778 2342 Petrus
807 2272 853 2342 de
876 2267 1025 2342 Telesia
1056 2267 1336 2366 inquisitionem
1368 2268 1456 2341 facit
1486 2269 1523 2340 in

432 2369 577 2444 abbatia
606 2373 651 2443 de
679 2369 895 2442 hominibus
922 2369 1085 2442 demanii
1113 2369 1337 2466 imperialis,
1364 2391 1524 2468 quorum

431 2481 610 2569 parentes
630 2480 668 2542 et
686 2470 745 2542 avi
764 2469 937 2542 deterris
953 2470 1115 2542 demanii
1129 2471 1313 2567 originem
1329 2473 1524 2568 duxerant,
1663 2511 1671 2540 i

432 2581 470 2644 et
489 2595 620 2644 eorum
640 2569 793 2642 nomina
811 2570 957 2668 redegit
970 2571 1008 2642 in
1024 2570 1187 2668 scriptis,
1205 2581 1246 2644 ut
1259 2573 1304 2644 de
1319 2571 1405 2668 iltis,
1424 2573 1523 2670 quod

432 2671 500 2745 sibi
519 2671 797 2770 beneplacitum
814 2671 938 2767 fuerit,
965 2671 1077 2744 faciat
1094 2671 1309 2770 imperator.

506 2773 639 2846 Mense
654 2771 887 2870 Septembris
902 2773 1066 2844 Thomas
1081 2775 1127 2846 de
1140 2773 1286 2870 Aquino
1298 2775 1523 2847 Acerrarum

432 2897 561 2947 comes
581 2876 757 2946 mandato
776 2872 1013 2970 imperatoris
1029 2873 1066 2944 in
1080 2873 1343 2948 Lombardiam
1357 2873 1459 2947 vadit
1477 2875 1524 2946 ad

432 2975 621 3047 civitatem
641 2976 841 3070 Cremone7
868 2998 940 3072 que
960 2975 1061 3046 favet
1078 2973 1306 3072 imperatori.

506 3075 638 3146 Mense
658 3073 830 3148 Octobris
852 3074 1059 3146 cardinales
1080 3075 1141 3170 qui
1160 3098 1202 3146 se
1221 3074 1339 3146 Reate
1358 3074 1525 3147 contule-

431 3184 527 3272 rant,
555 3174 720 3247 revocati
740 3199 761 3247 a
780 3199 878 3273 papa
897 3179 943 3248 ad
962 3175 1101 3248 Urbem
1118 3177 1287 3250 redeunt.

504 3277 636 3348 Mense
663 3275 885 3350 Novembris
912 3274 1116 3372 Gregorius
1147 3299 1246 3373 papa
1278 3275 1323 3347 de
1348 3275 1523 3371 Anagnia

430 3376 525 3449 redit
543 3379 588 3449 ad
607 3378 755 3450 Urbem.

504 3477 713 3575 Imperator
747 3469 846 3550 diem
877 3476 1013 3550 natalis
1040 3476 1098 3550 sui
1122 3500 1192 3576 per
1215 3485 1334 3550 totum
1359 3498 1522 3572 regnum

431 3601 542 3650 suum
568 3582 721 3651 mandat
744 3577 780 3650 in
799 3579 897 3650 festo
916 3573 1318 3675 beati'protomartyris
1340 3574 1524 3673 Stephani

430 3676 631 3776 magnifice
657 3679 941 3772 celebrandum3
969 3677 1030 3776 qui
1057 3702 1190 3752 mense
1208 3677 1524 3752 Decembris'fuit

430 3783 476 3852 ab
502 3779 715 3853 hominibus
736 3779 864 3852 Sancti
883 3778 1062 3851 Germani
1082 3783 1127 3853 ad
1146 3778 1265 3878 ipsius
1284 3777 1523 3875 imperatoris

428 3881 614 3954 honorem
640 3877 840 3978 magnifice
867 3879 1098 3977 celebratus,
1131 3880 1181 3952 ita
1209 3883 1306 3978 quod
1333 3900 1523 3977 pauperes

430 3980 526 4055 ultra
551 3983 777 4080 quingentos
805 3983 1145 4078 manducaverunt,
1180 3991 1217 4054 et
1251 3979 1407 4054 saturati
1435 3987 1525 4052 sunt
1566 3997 1571 4008 '
1670 3981 1671 3988 ’

429 4081 541 4154 nimis
561 4107 659 4179 pane
679 4081 765 4156 vino
785 4091 823 4154 et
841 4081 1014 4156 carnibus
1032 4080 1070 4153 in
1088 4082 1215 4179 platea
1233 4080 1391 4180 publica.

503 4183 714 4278 lmperator
731 4192 820 4280 aput
834 4182 1075 4277 Syracosium
1094 4181 1224 4255 statuit
1240 4182 1277 4254 in
1293 4180 1394 4255 curia
1408 4203 1526 4278 gene-

431 4281 512 4377 rali,
540 4291 580 4354 ut
604 4281 693 4354 nulli
719 4285 853 4374 amodo
882 4282 993 4355 liceat
1018 4285 1063 4354 de
1088 4281 1175 4357 filiis
1194 4293 1232 4355 et
1249 4281 1396 4356 liliabus
1416 4280 1525 4376 regni
