3352 5026
442 446 511 519 106
640 435 922 512 RYCCARDUS
950 435 1010 510 DE
1038 435 1072 508 S.
1102 435 1332 509 GERMANO

439 654 476 716 et
503 641 628 715 auditu
656 637 825 712 mirabile
845 647 918 730 est
944 646 1043 707 terre
1063 635 1315 708 fundamentis
1336 637 1533 711 concussis

438 743 611 840 limpidus
628 764 809 838 aquarum
826 739 950 808 fontes
966 738 1012 810 de
1027 736 1165 808 Sancto
1180 737 1396 812 Germano
1388 763 1423 808 ιιι
1441 739 1532 812 fecis

439 843 620 920 fetulente
647 841 812 914 colorem
842 836 1021 932 mutavit
1048 847 1086 908 et
1110 837 1196 911 talis
1222 839 1325 910 color
1350 863 1532 936 aquarum

439 968 505 1043 per
519 946 611 1014 duas
627 942 746 1013 ferme
763 942 875 1011 horas
891 891 1049 1034 duravit,
1063 961 1155 1010 saxa
1169 938 1361 1052 disrupit·
1381 950 1534 1037 proptor

439 1047 535 1142 quod
551 1041 725 1116 homines
740 1041 918 1112 timentes
936 1038 1039 1110 vivos
1051 1062 1071 1109 a
1083 1049 1182 1110 terra
1195 1038 1374 1135 sorberi,
1366 1064 1402 1112 m
1413 1041 1532 1112 multa

392 1181 393 1184 ¹
440 1143 659 1218 contritione
689 1153 726 1216 et
751 1141 828 1214 luet
813 1151 853 1212 tu
880 1138 1125 1252 penitentiam
1151 1150 1325 1236 agentes,
1351 1165 1440 1218 suas
1459 1143 1532 1216 Do·

440 1245 539 1318 mino
577 1267 651 1342 pre
681 1242 816 1314 timore
854 1239 986 1311 mortis
1024 1239 1170 1311 animas
1205 1244 1530 1317 commendabant

438 1347 559 1418 lerre
583 1354 708 1416 motus
736 1343 807 1414 iste
833 1340 991 1424 intonuit
1017 1339 1075 1414 die
1101 1341 1162 1412 illu
1183 1351 1221 1413 et
1238 1341 1331 1413 hora
1350 1343 1531 1439 predicta,

438 1473 458 1520 a
479 1449 605 1543 Capua
628 1468 746 1541 usque
766 1444 938 1536 Romam,
966 1450 1004 1512 et
1022 1451 1120 1515 terra
1141 1451 1242 1515 mota
1263 1452 1331 1517 est.
1379 1444 1424 1519 Et
1441 1453 1532 1518 tunc

438 1551 484 1620 de
504 1546 652 1622 Coliseo
681 1567 891 1621 concussus
915 1541 1045 1639 lapis
1036 1565 1171 1638 rugans
1200 1565 1360 1616 eversus
1387 1553 1465 1638 cst·
1493 1554 1531 1618 et

438 1647 524 1746 quia
551 1645 696 1720 duravit
721 1645 815 1716 ultra
841 1665 1014 1716 mensem
1038 1653 1282 1717 terremotus
1303 1643 1530 1740 huiusmodi,

437 1749 624 1821 interdum
640 1746 723 1844 plus
743 1745 929 1820 interdurn
949 1742 1090 1839 minus⁷
1104 1743 1249 1822 attoniti
1267 1744 1456 1840 homines,
1478 1744 1529 1820 di-

439 1849 565 1923 missis
589 1847 728 1924 laribus
757 1855 794 1916 et
780 1843 910 1920 tlocis
937 1843 1118 1942 propriis
1150 1869 1198 1928 ne
1223 1848 1421 1924 domorum
1447 1845 1528 1922 illos

437 1951 542 2022 ruina
562 1957 789 2042 contereret,
806 1948 851 2021 ad
872 1968 984 2042 agros
1005 1944 1163 2024 exibant.
1195 1945 1323 2024 Tunc
1314 1971 1419 2024 russu
1434 1947 1529 2022 Lan·

436 2047 524 2126 ‹tulfi
536 2047 754 2124 Casinensis
770 2045 913 2123 abbatis
928 2043 969 2116 fit
983 2049 1028 2118 ad
1038 2045 1246 2126 Casinense
1258 2047 1528 2126 monasterium

436 2154 482 2224 de
498 2149 656 2247 singulis
671 2147 780 2222 terris
796 2147 874 2220 suis
892 2147 1083 2244 processio
1098 2147 1289 2244 generalis
1305 2147 1529 2226 discalciatis

437 2249 621 2349 pedibus
612 2275 649 2325 ιιι
668 2247 757 2326 lletu
778 2259 815 2322 et
834 2249 994 2348 planctu.

511 2353 563 2426 Ea
582 2350 641 2430 die
643 2373 734 2464 ,qua
752 2361 851 2424 terre
872 2358 996 2425 motus
1016 2347 1087 2423 iste
1105 2347 1173 2420 fuit
1175 2347 1411 2446 ‚Gregorius
1430 2372 1527 2447 papa

391 2457 393 2462 '
435 2453 574 2528 Urbem
593 2475 723 2530 exiens
742 2451 842 2524 vatlrt
859 2449 997 2544 Reae
1014 2451 1059 2526 ad
1080 2473 1192 2546 quem
1210 2448 1388 2525 Barensrs
1408 2448 1527 2527 aren

435 2552 636 2650 episcopus
656 2561 694 2624 et
708 2551 890 2648 magister
903 2553 1036 2628 domus
1050 2549 1346 2626 Alamannorum
1361 2574 1406 2623 ex
1420 2560 1527 2650 parte

434 2651 672 2750 imperatoris
693 2655 846 2746 vadunt
869 2662 907 2724 et
925 2650 1147 2729 Mutinensis
1167 2651 1373 2751 episcopus
1389 2675 1408 2728 a
1427 2675 1527 2750 papa

435 2757 480 2827 ad
501 2753 768 2850 imperatorem
789 2752 941 2828 nuntius
960 2752 1178 2826 destinatur.

508 2855 587 2928 Rex
619 2857 805 2951 quondam
838 2853 1186 2927 lherosolimitanus
1218 2863 1308 2950 aput
1335 2853 1452 2929 Reate
1480 2855 1526 2926 ad

436 2979 572 3067 papam
593 2954 704 3048 vadit
724 2956 768 3025 de
788 2953 893 3025 cuius
914 2977 1090 3048 assensu,
1111 2964 1149 3025 ut
1168 2977 1254 3034 cum
1272 2951 1375 3026 filiu
1367 2976 1526 3050 tmpera-

435 3054 526 3136 toris
554 3008 953 3166 Constaintinopolitani
978 3056 1024 3128 dc
1051 3051 1134 3130 lilio
1152 3077 1220 3129 sua
1247 3054 1462 3168 contrahat
1489 3064 1527 3125 et

435 3156 519 3252 ipse
538 3153 585 3226 sit
603 3163 752 3228 curator
770 3154 930 3248 imperii,
951 3155 1098 3226 donec
1091 3180 1126 3229 ιιι
1147 3153 1281 3228 minori
1301 3108 1526 3228 cunstitritus

436 3265 534 3328 etate
564 3253 759 3350 perveniat
784 3257 830 3328 ad
856 3255 1084 3352 legitimam,
1109 3279 1214 3334 mare
1240 3265 1329 3352 aput
1348 3255 1526 3328 Venetias

435 3356 578 3442 intrans
606 3355 704 3428 vadit
729 3356 884 3429 collecto
911 3357 1076 3428 exercitu
1095 3356 1131 3427 in
1151 3355 1526 3453 Constantinopolim.

508 3457 613 3528 Tunc
631 3455 836 3554 imperator
854 3459 1050 3530 domorum
1073 3457 1242 3531 omnium
1262 3456 1463 3555 Hospitalis
1488 3468 1526 3530 et

434 3557 578 3654 Templi
604 3557 883 3654 possessionem
909 3581 981 3654 que
1007 3557 1042 3628 in
1069 3580 1188 3654 regno
1211 3567 1310 3654 sunt,
1339 3568 1378 3634 et
1394 3582 1525 3635 earum

435 3657 578 3731 fructus
599 3658 680 3755 capi
700 3658 800 3731 iubet
818 3661 864 3732 ad
883 3682 977 3754 opus
998 3679 1119 3734 suum.

509 3757 721 3852 Ryccardus
741 3761 788 3832 de
806 3757 1019 3856 Principatu
1037 3758 1293 3837 marescalcus
1312 3757 1437 3838 domni
1457 3757 1524 3830 im-

435 3858 632 3954 peractoris,
657 3858 739 3956 ipso
767 3858 994 3956 imperatore
1021 3862 1237 3956 mandante,
1265 3870 1303 3934 ut
1322 3859 1358 3931 in
1377 3857 1524 3953 Syriam

433 3959 663 4054 transfretet,
682 3983 776 4058 quos
797 3960 880 4041 vult
892 3961 938 4036 de
958 3985 1076 4058 regno
1095 3961 1164 4038 siti
1184 3959 1316 4040 ascivit
1333 3960 1370 4032 in
1390 3958 1524 4034 socios.

508 4059 800 4136 Constitutiones
835 4085 949 4157 nove,
986 4087 1056 4160 que
1088 4061 1307 4158 augustales
1340 4059 1526 4154 dicuntur,

433 4169 521 4252 aput
540 4159 701 4234 Melliam
721 4173 882 4257 augusto
903 4165 1104 4235 mandante
1124 4165 1342 4236 conduntur.
1391 4161 1528 4234 Mense

433 4280 619 4352 sldlrupitc.
