3352 5026
616 474 656 542 A.
690 473 795 546 1231.
983 513 986 522 =
1044 487 1050 540 ’.
1188 476 1257 548 107

163 673 240 747 lulii
269 671 531 768 inquisitiones
556 667 686 740 liunt
677 695 713 740 m
740 671 879 744 Sancto
908 671 1098 742 Germano
1127 682 1164 744 et
1191 697 1259 770 per

164 785 279 848 totam
308 783 448 844 terram
478 770 603 843 Sancti
634 771 825 844 Benedicti
858 795 925 870 per
950 772 1178 844 Robbertum
1211 777 1257 846 de

165 872 314 948 Busso
305 895 410 944 iussu
432 870 603 968 magistri
621 869 819 968 iustitiarii,
846 875 890 944 de
918 873 1167 970 compangiis‚
1192 873 1258 945 fal·

164 975 294 1069 sariis,
327 972 574 1068 aleatoribus⁷
608 974 851 1069 tabernariis,
887 973 1105 1069 homicidis,
1144 973 1257 1046 vitum

165 1084 425 1173 sumptuosam
443 1073 676 1169 ducentibus,
692 1074 875 1170 prohibita
889 1099 994 1146 arma
1011 1075 1258 1173 portantibus⁷

165 1187 201 1249 et
220 1179 266 1248 de
287 1173 472 1246 violentiis
492 1174 702 1246 mulierum.

238 1275 432 1349 Exercitus
460 1273 665 1388 imperialis
691 1273 978 1346 lntroducum
969 1299 1005 1346 m
1025 1299 1097 1372 quo
1116 1275 1258 1348 Ber-tol

164 1381 233 1451 dus
260 1401 302 1448 se
333 1387 463 1448 contra
494 1369 762 1474 imperatorem
795 1385 1011 1472 receperat.
1045 1375 1190 1448 obsidet
1221 1383 1259 1448 et
1335 1410 1337 1416 ·

161 1478 336 1552 'divastat

240 1575 445 1673 Gregorius
473 1599 571 1673 papa
598 1574 862 1671 requisitiones
890 1574 1094 1648 solidorum
1118 1601 1137 1646 a
1166 1575 1258 1647 mili·

164 1680 263 1752 tibus
281 1687 319 1748 et
338 1675 588 1748 servientibus
601 1675 807 1772 Campania
825 1674 905 1748 fieri
926 1679 1090 1770 mundat,
1109 1677 1170 1790 qui
1191 1701 1257 1748 eos

164 1781 200 1852 in
220 1780 389 1850 fraudem
410 1775 644 1848 retinuerunt
662 1787 834 1875 tempore
853 1788 934 1849 orte
954 1777 1136 1850 discordie
1161 1778 1259 1850 inter

165 1879 365 1953 ecclesiam
386 1887 423 1950 et
441 1877 650 1975 imperium
745 1921 758 1938 ι

238 1979 484 2053 beluacensis
513 1978 737 2074 episcopus
770 1979 829 2049 cui
857 1980 1014 2050 ducatus
1037 1925 1185 2150 Spoleti
1210 1982 1257 2051 ab

165 2080 327 2154 ecclesia
355 2090 413 2152 est
438 2077 679 2173 commissus,
707 2089 938 2174 congregato
958 2079 1098 2150 exercit
1101 2104 1122 2149 ιι
1142 2099 1258 2175 super
1294 2093 1298 2103 ’

165 2183 297 2280 Spolet
300 2204 362 2252 um
381 2179 494 2273 vadit³
521 2177 657 2250 illam
648 2202 684 2248 ιιι
710 2177 955 2250 exterioribus
974 2179 1160 2274 devastat
1186 2197 1258 2250 nec

165 2307 233 2380 per
250 2282 325 2352 boc
341 2279 566 2392 spoletanos
591 2280 637 2349 ad
663 2301 772 2348 suam
791 2279 932 2350 babere
951 2279 1070 2374 potuit
1089 2279 1257 2350 volunta·

164 2397 263 2476 tem3
292 2390 330 2452 et
357 2379 412 2451 sic
436 2379 521 2450 inde
549 2377 760 2474 discedens,
787 2403 904 2476 super
922 2378 1125 2452 blicandam
1146 2379 1258 2474 vadit,

166 2483 226 2558 ubi
252 2491 403 2554 monete
424 2490 462 2550 et
479 2479 577 2552 bulle
596 2479 742 2576 papalis
762 2501 850 2552 esse
869 2479 1011 2552 falsarii
1030 2479 1258 2554 dicebantur.

240 2580 434 2656 Exercitus
454 2579 659 2677 imperialis
679 2583 725 2652 ab
743 2579 939 2652 lntroduco
958 2580 1125 2654 discedit

242 2681 388 2756 Reatini
407 2683 511 2753 iussu
531 2701 630 2778 pape
649 2703 764 2777 super
781 2681 989 2754 Mirandam
1009 2685 1158 2754 vadunt„
1295 2711 1300 2720 ·

241 2783 374 2855 Mense
397 2780 557 2878 Augusti
583 2783 627 2852 de
654 2783 830 2854 mandato
849 2781 1035 2879 imperiali
1049 2805 1121 2880 per
1138 2791 1258 2852 totum

165 2909 326 2981 regnum
342 2893 400 2956 set
401 2907 423 2954 a
386 2885 552 2956 tcruda
566 2906 640 2954 erm
632 2881 887 2995 prohibetur,
906 2881 1078 2955 similiter
1097 2883 1167 2975 sal
1185 2882 1258 2954 fer·

166 3011 247 3058 rum
268 2995 306 3056 et
322 3008 390 3058 aes
411 2983 484 3058 emi
504 2982 652 3056 nonnisi
672 3007 692 3054 a
712 2985 833 3056 doana
848 2983 1032 3098 imperiali
1047 2986 1257 3056 mandatur.

240 3077 351 3159 Serra
373 3109 487 3184 super
505 3085 686 3160 Celanum
706 3078 881 3180 firmata
871 3109 977 3158 iussu
1000 3084 1183 3234 imperiali
1208 3083 1258 3157 di-

164 3187 291 3259 ruitur

240 3287 378 3358 Eodem
399 3305 532 3358 mense
553 3286 736 3382 magister
753 3286 887 3357 domus
905 3285 1230 3356 Alamannorum
1220 3303 1256 3355 ιιι

164 3386 429 3458 Lornbardianr
449 3385 559 3456 vadit
734 3394 735 3398 ’

242 3484 439 3560 Constitut
415 3495 537 3556 tiones
557 3483 772 3581 imperiales
792 3481 955 3581 Melphie
972 3483 1217 3582 publicantur

242 3577 372 3656 Mense
391 3584 625 3682 Septembris
644 3587 741 3682 apud
761 3585 939 3660 Sanctum
960 3583 1242 3658 Germanum'
1212 3607 1258 3654 sr-

167 3694 231 3758 out
247 3701 316 3784 per
334 3694 452 3757 totum
471 3705 646 3783 regnum
672 3689 838 3800 pondera
858 3696 895 3758 et
915 3703 1092 3758 mensure
1112 3695 1258 3756 mutan·

165 3799 239 3884 tur,
265 3796 453 3886 ponuntur
471 3785 579 3858 rotuli
600 3795 637 3858 et
654 3785 797 3859 turbini.
834 3786 1040 3859 tinctorias
1060 3803 1193 3858 ornnes
1213 3777 1258 3856 de

167 3904 286 3986 regno
306 3889 351 3960 ad
370 3908 464 3986 opus
482 3886 562 3960 iisci
577 3881 780 4000 imperialis
797 3887 914 3986 recipi
927 3887 1107 3985 precipit
1099 3909 1259 3984 impera

165 3999 237 4085 tor,
257 4000 294 4062 et
313 4003 430 4087 snper
441 3989 515 4060 boc
529 4007 618 4061 suas
635 3987 745 4060 mittit
757 3987 901 4060 litteras
916 3987 1127 4083 generales
1156 3985 1258 4074 Quas

167 4107 252 4162 corn
272 4093 343 4163 duo
362 4087 462 4162 lodei
481 4107 550 4188 pro
563 4088 694 4160 indeca
708 4087 834 4162 Sancti
851 4088 1029 4162 Germani
1045 4083 1257 4186 ¹recipienda

165 4191 379 4286 detulerint
405 4191 526 4288 ipsam
555 4189 721 4286 Reginus
750 4189 1055 4322 archiepiscopus
1076 4189 1258 4288 capipro
1326 4211 1328 4216 ·
