3326 5022
414 417 461 488 ct
616 410 897 486 RYCCARDUS
925 411 986 483 DI]
1012 411 1048 482 S.
1077 409 1307 484 GERMANI]

488 613 619 686 Mense
655 596 762 684 lunii
783 610 903 685 dictus
939 634 1037 708 papa
1068 611 1206 683 Urbem
1243 609 1374 682 exiens
1406 609 1513 700 venit

414 711 643 810 Anagniam,
679 722 716 784 et
748 735 837 784 suos
864 721 955 783 tunc
982 713 1028 784 ad
1056 711 1324 808 imperatorem
1357 711 1512 783 nuntios

415 813 555 912 dirigit7
592 823 632 885 ut
662 811 730 885 sibi
763 813 910 884 fodrum
944 811 1055 884 faciat
1086 815 1131 884 ab
1160 809 1373 884 hominibus
1401 811 1512 908 regni

414 913 569 1012 delerri3
606 912 667 1010 qui
693 913 854 984 Henrico
883 915 928 984 de
954 913 1078 984 Murra
1106 911 1286 1008 magistro
1312 910 1512 984 iustitiario

414 1016 486 1088 hoc
505 1014 717 1086 facIendum
732 1014 897 1109 delegat.

489 1117 697 1212 Imperator
714 1113 797 1212 ipse
816 1113 1035 1186 iustitiarios
1054 1136 1187 1185 omnes
1206 1111 1314 1208 regui
1334 1111 1390 1184 sui
1405 1114 1451 1184 ad
1467 1135 1513 1184 se

312 1257 313 1260 π
416 1219 451 1288 in
472 1215 636 1289 Siciliam
655 1225 777 1310 vocat,
804 1214 1014 1287 reddituros
1042 1213 1111 1286 sibi
1136 1216 1182 1286 de
1208 1212 1372 1310 acceptis
1392 1211 1514 1284 om'ni·

416 1321 484 1390 bus
504 1315 698 1388 rationem.

491 1419 638 1489 Interea
657 1439 726 1513 per
743 1425 863 1488 totum
882 1438 1043 1511 regnum
1061 1438 1129 1512 pro
1149 1413 1247 1486 felici
1266 1413 1423 1486 transitu
1440 1436 1513 1486 suo

417 1518 637 1614 generalem
658 1516 855 1588 collectam
874 1515 1044 1612 imponit,
1073 1525 1109 1587 et
1133 1523 1222 1586 tunc
1242 1514 1397 1586 collecte
1424 1523 1515 1586 sunt

419 1621 464 1690 de
492 1629 592 1690 terra
619 1615 838 1689 monasterii
865 1617 973 1687 uncie
992 1619 1076 1690 450.
1125 1617 1333 1712 Imperator
1359 1615 1441 1715 ipse
1466 1617 1514 1687 dc

418 1717 542 1790 Sicilia
573 1717 610 1789 in
638 1717 810 1814 Apuliam
839 1716 959 1812 venit,
997 1716 1058 1813 qui
1086 1717 1131 1788 ad
1159 1740 1296 1813 papam
1326 1715 1514 1812 Reginum

419 1818 745 1916 archiepiscopum
772 1827 807 1889 et
827 1817 1050 1914 magistrum
1069 1820 1203 1889 domus
1221 1817 1515 1906 Teutonicorum

420 1921 566 2015 legatos
586 1917 706 1990 mittit.

495 2019 661 2091 Thomas
680 2021 726 2091 de
745 2017 888 2114 Aquino
907 2019 1132 2090 Acerrarurn
1152 2042 1280 2090 comes
1308 2017 1345 2088 in
1366 2017 1514 2112 Syriam

421 2120 640 2193 transfretat
674 2142 808 2191 mense
844 2118 934 2190 Iulii.
989 2120 1218 2194 Celanenses
1256 2143 1409 2212 omnes,
1449 2117 1514 2213 qui

422 2219 557 2318 captivi
576 2219 612 2293 in
627 2219 751 2292 Sicilia
770 2223 996 2292 tenebantur
1013 2219 1117 2293 liberi
1133 2219 1378 2314 dimittuntur,
1396 2218 1514 2316 impe·

421 2331 546 2394 ratore
578 2323 790 2392 mandante.
843 2322 986 2392 Eodem
1018 2345 1151 2393 mense
1178 2321 1395 2392 lancravius
1428 2342 1514 2391 cum

423 2421 784 2517 crucesignatorum
805 2421 969 2492 exercitu
990 2425 1035 2494 de
1050 2421 1269 2494 Alamannia
1289 2420 1327 2491 in
1342 2419 1516 2517 Apuliam

423 2522 537 2616 venit,
563 2521 789 2594 transiturus
809 2519 846 2592 in
866 2521 1072 2594 subsidium
1092 2533 1191 2594 terre
1212 2532 1353 2614 sancte.

353 2709 356 2713 .
497 2622 602 2694 Tunc
619 2621 657 2694 in
670 2621 841 2718 Anagnia
861 2625 1021 2695 ducente
1040 2623 1160 2697 ferme
1175 2626 1322 2717 domus,
1341 2645 1438 2719 papa
1453 2619 1518 2693 ibi-

423 2725 508 2795 dem
528 2733 720 2821 presente,
740 2727 935 2796 combuste
955 2733 1053 2796 sunt.
1087 2725 1247 2798 Fodrum
1266 2732 1436 2820 portatur
1452 2721 1516 2794 ibi·

423 2829 509 2896 dem
537 2823 642 2896 iussu
669 2823 874 2921 imperiali7·
910 2827 954 2896 ad
985 2827 1080 2918 quod
1109 2823 1365 2921 recipiendum
1395 2833 1432 2894 et
1458 2846 1518 2895 as·

425 2925 650 3022 signandum
676 2923 825 3019 quidam
853 2927 899 2996 de
926 2925 1064 2998 Sancto
1088 2925 1276 2998 Germano
1296 2923 1519 2996 Guilielmus
1594 3002 1598 3008 ,

424 3025 584 3098 Fallocio
605 3023 757 3096 nomine
776 3047 845 3120 per
862 3024 1129 3122 imperatorem
1147 3025 1370 3098 constitutus
1387 3034 1446 3096 est
1459 3023 1519 3097 ibi.

501 3125 716 3220 Stephanus
749 3125 966 3198 Casinensis
995 3130 1109 3200 abbas
1142 3131 1197 3199 ll.
1227 3135 1350 3198 stante
1375 3123 1455 3196 Iulii
1482 3125 1536 3208 in¹

428 3225 523 3308 festo
553 3236 683 3296 sancte
707 3225 883 3298 Praxedis
912 3226 948 3297 in
968 3227 1105 3300 Casino
1125 3227 1222 3299 obiit.
1265 3225 1378 3300 Cuius
1398 3224 1521 3298 obitus

426 3337 503 3407 tam
524 3349 620 3422 pape
641 3351 755 3424 quam
771 3326 987 3424 imperatori
1004 3351 1072 3425 per
1086 3330 1269 3425 quosdam
1284 3330 1330 3399 de
1345 3325 1521 3400 fratribus

381 3470 383 3474 ·
429 3427 631 3524 nuntiatur,
659 3452 679 3498 a
709 3427 841 3525 quibus
868 3431 914 3500 de
942 3428 1125 3501 electione
1148 3428 1318 3505 facienda
1337 3427 1523 3524 recipiunt

427 3528 465 3608 in
485 3527 681 3611 mandatis.
1000 3544 1005 3552 “

504 3628 711 3726 Imperator
737 3653 822 3700 cum
849 3629 1086 3727 imperatrice
1107 3639 1280 3702 consorte
1300 3653 1367 3702 sua
1389 3652 1523 3700 mense

428 3729 587 3826 Augusti
600 3731 808 3802 Ydrontum
823 3729 941 3824 vadit3
960 3731 1020 3803 ubi
1038 3731 1167 3803 relicta
1182 3729 1420 3828 imperatrice
1436 3752 1524 3801 con·

432 3841 533 3912 sorte
561 3855 647 3924 sua,
683 3830 768 3902 inde
796 3830 897 3902 vadit
923 3831 1193 3927 Brundusium,
1225 3831 1286 3905 ubi
1310 3841 1411 3904 totus
1436 3853 1524 3901 con-

431 3940 589 4004 venerat
617 3929 988 4027 crucesignatorum
1016 3935 1222 4026 exercitus,
1250 3942 1288 4004 et
1313 3931 1373 4004 ubi
1399 3931 1524 4002 onmia

431 4032 596 4111 vascella
617 4035 661 4104 ad
681 4032 1002 4106 transfretandum
1021 4035 1162 4107 fecerat
1181 4031 1414 4130 congregari.

507 4134 652 4206 Interea
688 4137 734 4206 de
765 4143 841 4205 tota
873 4135 1009 4206 lllarsia
1042 4136 1192 4208 obsides
1226 4133 1432 4232 capiuntur.
1486 4132 1526 4203 ln

435 4234 589 4326 castello
615 4234 747 4306 Gaiete
776 4235 1004 4307 castellanus
1034 4247 1068 4308 et
1095 4235 1305 4308 servientes
1329 4244 1527 4332 ponuntur.
