3352 5026
615 431 653 501 A.
684 432 790 504 1229.
1201 431 1249 502 83

160 631 194 702 vi
222 655 358 727 capere
384 629 644 724 nequiverunt,
671 629 742 700 hiis
770 627 832 726 qui
860 639 966 699 erant
993 629 1027 700 in
1055 654 1099 700 ea
1123 654 1164 701 se
1185 655 1250 726 pro

161 755 293 804 cesare
312 729 500 802 tuentibus
521 739 650 802 contra
668 753 747 813 eos.

235 833 366 902 blense
394 831 485 900 lunii
514 830 719 926 Gregorius
748 854 844 927 papa
876 829 1066 926 predictus
1098 831 1250 902 fratrem

159 930 422 1024 Franciscum‚
457 931 666 1005 innocentis
696 930 937 1025 viterbum,
975 931 1036 1027 qui
1063 931 1253 1003 institutor

163 1030 303 1103 ordinis
322 1031 390 1102 fuit
407 1031 562 1105 fratrum
578 1033 776 1124 lllinorum‚
795 1043 885 1122 aput
903 1031 1097 1104 Perusium
1118 1035 1163 1104 de
1183 1032 1253 1102 fra-

161 1141 259 1201 trum
271 1155 422 1202 snorum
435 1131 590 1206 consilio
606 1131 708 1204 duxit
722 1143 938 1204 sanctorum
954 1135 1125 1228 catalogo
1141 1132 1254 1205 ascri-

161 1234 337 1320 bendum
365 1236 548 1306 mandans
574 1233 708 1328 ubique
735 1241 921 1304 terrarum
949 1233 1047 1303 diem
1073 1258 1146 1329 quo
1172 1233 1252 1305 solo

161 1355 313 1404 carnem
335 1343 372 1411 et
391 1334 471 1404 celo
500 1333 670 1431 spiritum
698 1331 867 1426 reddidit,
895 1343 1025 1427 quarto
1045 1333 1167 1404 silicet
1184 1335 1253 1404 No-

160 1457 229 1504 nas
262 1433 432 1506 Octobris
448 1443 474 1526 ⁸7
515 1433 622 1504 annis
660 1433 818 1528 singulis
851 1432 1109 1530 sollempniter
1145 1457 1252 1504 exco-

158 1533 322 1604 lendum.

235 1634 327 1704 Item
348 1633 552 1730 imperator
570 1633 652 1731 ipse
670 1657 815 1703 moram
835 1632 871 1703 in
888 1633 1020 1730 Apulia
1040 1633 1196 1725 facisne,
1217 1644 1253 1705 et

160 1755 397 1829 congregans
423 1736 467 1804 ad
494 1735 656 1806 bostium
685 1733 793 1828 regni
823 1735 1014 1830 repulsam
1048 1734 1251 1806 exereitum

160 1835 369 1930 copiosum!
397 1857 486 1906 suos
514 1859 581 1932 pro
607 1859 701 1931 paee
725 1835 770 1905 ad
799 1859 938 1931 papam
965 1835 1113 1930 legatos
1139 1835 1252 1928 misit,

159 1933 345 2030 Reginum
365 1935 538 2008 videlicet
558 1946 594 2007 et
612 1936 818 2006 barensem
840 1935 1160 2032 archiepiscopos,
1182 1960 1252 2006 nec

143 2059 233 2126 ¹non
254 2047 291 2106 et
309 2035 535 2131 magistrum
556 2039 689 2107 domus
710 2035 1010 2108 Teutonioorum.
1057 2036 1126 2121 Qui
1147 2035 1251 2108 Caia-
1350 2092 1353 2098 .

159 2134 247 2206 liam
268 2137 479 2229 venientes,
508 2160 579 2231 que
605 2161 625 2206 a
645 2135 768 2232 papali
790 2135 954 2208 exercitu
974 2140 1172 2214 tenebatur
1190 2140 1251 2206 ob-

161 2260 282 2328 sessa,
310 2260 395 2306 cum
415 2235 548 2307 litteris
568 2237 791 2308 Albanensis
812 2235 978 2331 episcopi
998 2246 1035 2306 et
1055 2235 1253 2307 ear·dinalis

159 2337 296 2408 Sancte
324 2335 500 2407 Praxerlis
526 2338 571 2408 ad
591 2337 799 2408 Romanam
819 2335 960 2408 curiam
980 2347 1068 2410 sunt
1086 2333 1254 2432 profecti.

160 2436 230 2522 Qui
258 2460 342 2508 eum
370 2436 534 2508 in0nullo
564 2437 803 2533 profecerint,
831 2436 1030 2508 redierunt.
1084 2437 1188 2508 l‘unc
1215 2437 1253 2506 in

155 2537 290 2610 Gaieta
311 2561 378 2632 per
396 2560 532 2632 papam
553 2547 721 2633 potestas
742 2536 977 2610 constituitur
995 2538 1180 2609 lohannes
1207 2540 1252 2608 de
1308 2632 1310 2637 Ι
1399 2585 1401 2589 -

160 2637 283 2708 ludice
310 2637 401 2708 civis
420 2639 639 2732 Anagninus
666 2641 710 2708 ad
735 2637 954 2734 petitionem
974 2637 1251 2710 Gaietanornm.

156 2737 264 2808 Tunc
293 2737 405 2810 etiam
433 2738 639 2810 Adenulfus
666 2741 710 2809 de
735 2737 880 2834 Aquino
909 2735 1006 2809 lilius
1029 2740 1251 2810 Acerrarum

162 2837 307 2908 comitis
321 2837 473 2910 Atinnm
492 2838 624 2936 recipit
642 2839 868 2936 imperatore
884 2841 1100 2932 mandante7
1120 2850 1155 2910 et
1172 2837 1252 2910 Phi-

161 2937 283 3035 lippus
310 2941 355 3010 de
374 2940 518 3034 Aquino
537 2941 670 3038 recipit
689 2950 853 3011 castrum
874 2939 976 3014 Celii.

237 3041 445 3136 lmperator
468 3065 551 3112 cum
573 3042 923 3138 crucesignatorum·
941 3041 1105 3112 exercitu
1124 3050 1252 3112 contra

162 3139 371 3236 clavigeros
390 3142 521 3214 hostes
540 3153 718 3240 properat
735 3141 771 3212 in
791 3153 930 3214 terram
949 3142 1113 3215 Laboris.
1150 3143 1254 3213 Tunc

161 3241 333 3313 dominus
353 3243 541 3314 lohannes
561 3247 606 3314 de
626 3244 834 3338 Columpna
853 3242 1051 3314 cardinalis
1076 3245 1143 3313 sub
1170 3266 1253 3338 spe-

165 3341 219 3414 cie
239 3341 431 3414 afferendo
450 3343 611 3439 pecunie
630 3366 697 3438 pro
718 3341 912 3437 stipendiis
931 3342 1116 3412 exercitus
1131 3345 1175 3412 ad
1192 3367 1254 3438 pa·

162 3464 247 3536 pam
269 3442 377 3513 vadit.

238 3541 412 3634 Pelagius
437 3541 661 3614 Albanensis
689 3542 889 3638 episcopus
915 3550 952 3612 et
975 3565 1039 3612 rex
1065 3544 1252 3637 quondam

164 3639 529 3736 llrerosolimitanus7
567 3643 716 3738 cognito
748 3645 844 3738 quod
871 3652 1050 3712 venturus
1078 3653 1158 3714 erat
1186 3643 1253 3715 Ca-

164 3765 275 3835 puam
297 3741 511 3837 imperator,
538 3753 645 3838 rupta
675 3743 867 3814 obsidione
894 3753 931 3813 et
956 3745 1149 3814 combusta
1178 3767 1253 3812 ma-

164 3841 272 3912 china
302 3866 374 3938 que
404 3843 515 3938 vulgo
542 3843 674 3914 dicitur
697 3847 982 3930 trebnccetturm
1011 3847 1106 3938 quorl
1127 3841 1253 3915 multis

163 3943 372 4039 sumptibus
392 3944 572 4035 fecerant7
600 3945 768 4016 Teanum
795 3967 836 4014 se
858 3943 1065 4036 conferunt,
1093 3942 1153 4014 ubi
1180 3967 1252 4014 non

164 4045 304 4140 absque
330 4044 463 4117 timore
494 4069 582 4116 snas
609 4044 711 4116 acies
745 4055 887 4140 ponunt
919 4068 937 4114 a
968 4043 1106 4118 Caiatia
1136 4043 1253 4116 disce-

162 4145 303 4217 dentes.

162 4268 185 4336 a)
206 4265 308 4322 Octobr
327 4287 350 4321 e.
