3352 5026
423 404 495 477 128
620 397 904 474 RYCCARDUS
931 399 992 472 DE
1020 399 1057 472 S.
1085 385 1316 472 GERMANO

317 597 321 600 ’
421 603 587 675 ferentes
608 609 819 674 statuerunt
836 600 987 697 ibidem,
1006 599 1165 697 qualiter
1183 621 1292 671 rocca
1307 599 1384 671 lani
1400 623 1518 696 super

422 703 602 776 Sanctum
622 702 853 774 Germanum
873 701 1008 774 muniri
1026 699 1190 774 turribus
1210 711 1248 773 et
1267 700 1383 773 muris
1405 703 1517 772 debe-

422 814 488 876 ret.
532 804 587 875 Ad
607 806 704 900 quod
725 803 938 874 faciendum
957 812 1117 900 quatuor
1135 801 1333 898 elegerunt
1351 804 1397 873 de
1414 811 1516 873 terra

422 903 551 978 Sancti
577 903 789 1000 Benedicti,
823 904 884 1000 qui
912 903 1087 976 homines
1115 904 1314 1001 deputatos
1342 905 1388 974 ad
1420 925 1516 1000 opus

422 1029 532 1078 rocce
551 1004 670 1102 ipsius
690 1004 888 1100 assignare
908 1004 986 1076 suis
1004 1003 1170 1076 vicibus·
1188 1006 1327 1076 domno
1346 1002 1516 1100 Philippo

396 1179 397 1182 ,
423 1109 469 1178 de
485 1105 583 1180 Citro
603 1108 784 1178 deberent
798 1105 1055 1177 comestabulo
1070 1105 1212 1202 Capue,
1232 1103 1413 1200 magistro
1429 1126 1518 1202 ope-

423 1207 474 1278 ris
491 1229 600 1277 rocce
615 1205 795 1302 predicte,
816 1215 924 1277 atter
938 1205 974 1277 in
990 1206 1048 1277 die
1062 1205 1167 1302 ipsos
1181 1205 1374 1302 requirere
1389 1229 1519 1302 quem-

422 1307 511 1379 libet
536 1306 800 1404 predictorum,
829 1301 986 1402 qnorum
1011 1306 1164 1380 nomina
1191 1306 1263 1377 hec
1287 1315 1392 1378 sunt:
1426 1305 1519 1376 Tac-

426 1431 542 1479 conus
560 1407 668 1478 miles
688 1410 733 1479 de
752 1407 998 1501 Pontecurvm
1017 1407 1231 1500 Raynaldus
1249 1405 1453 1502 Belegrimi
1472 1407 1520 1477 de

425 1509 562 1582 Sancto
583 1508 713 1604 Helyn,
740 1507 952 1604 chgerius
979 1509 1025 1580 de
1043 1507 1275 1580 Laudenulfo
1305 1517 1342 1578 et
1360 1507 1521 1600 Raynal·

425 1612 494 1681 dus
523 1610 568 1679 de
597 1609 756 1684 Paterno
785 1610 830 1680 de
858 1609 996 1681 Sancto
1025 1609 1226 1680 Germano.
1278 1607 1323 1679 Et
1352 1617 1518 1678 utrocca

424 1710 507 1806 ipsa
536 1708 643 1780 citius
674 1708 896 1803 muniretur,
929 1733 999 1806 per
1024 1708 1128 1806 ipsos
1156 1707 1327 1780 dominos
1356 1708 1393 1779 in
1419 1717 1518 1780 terra

424 1811 601 1882 Fundana
628 1819 731 1879 certa
758 1809 916 1904 singulis
937 1810 1131 1881 mensibus
1150 1809 1310 1906 pecunie
1330 1808 1520 1906 quantitas

426 1921 484 1982 est
504 1919 661 2002 statuta3
681 1918 718 1980 et
737 1911 889 1980 demum
909 1933 951 1982 se
972 1919 1062 2008 aput
1076 1909 1279 2007 lldelphiam
1296 1910 1332 1981 in
1347 1911 1519 2008 Apuliam

426 2010 673 2082 contulerunt.
934 2035 936 2040 ’

499 2112 641 2183 Eodem
657 2131 789 2182 mense
800 2109 893 2181 lunii
909 2110 954 2182 de
965 2109 1135 2182 felicibus
1146 2110 1384 2208 imperatoris
1397 2109 1521 2207 crispi-

427 2210 493 2284 ciis
513 2211 635 2284 littere
656 2220 842 2282 venerunt
859 2210 896 2281 in
915 2233 1089 2306 regnum,
1109 2215 1296 2309 quomodo
1316 2212 1414 2310 apud
1429 2211 1521 2285 Sibi-

427 2313 585 2384 datuma
599 2311 826 2410 principibus
837 2311 983 2408 imperii
995 2313 1264 2408 magnofuerat
1278 2335 1363 2384 cum
1379 2313 1521 2384 honore

430 2424 614 2510 receptus.
663 2413 747 2509 lpso
774 2435 907 2484 mense
933 2413 1033 2484 nullo
1060 2417 1233 2486 obstante
1259 2413 1521 2486 Alamanniam

428 2515 586 2601 intrans7
605 2513 806 2584 Henricum
826 2536 958 2609 regem
977 2513 1095 2585 lilium
1113 2539 1224 2587 suum
1240 2518 1461 2587 redeuntem
1477 2515 1523 2585 ad

431 2615 647 2685 mandatum
668 2637 778 2685 suum
798 2613 959 2711 recepit3
981 2638 1092 2712 quem
1113 2615 1196 2688 duci
1214 2615 1382 2688 Bawarie
1401 2625 1524 2687 custo-

429 2714 604 2786 diendum
633 2715 831 2786 commisit.
879 2711 1070 2812 Philippus
1098 2717 1143 2788 de
1170 2718 1269 2791 Citro
1297 2727 1446 2789 amotus
1467 2726 1526 2788 est

431 2840 452 2886 a
472 2816 696 2912 magistratu
715 2815 841 2912 operis
861 2839 971 2888 rocce
991 2817 1131 2912 lanule‚
1154 2827 1191 2889 et
1208 2817 1369 2891 lacobus
1388 2821 1433 2890 de
1448 2817 1525 2888 Mo-

430 2916 505 2987 lino
527 2917 748 2989 substitutus
770 2927 828 2988 est
846 2916 907 2987 illi.

509 3017 641 3088 lllense
666 3015 745 3088 lulii
771 2991 976 3113 impeiator
1002 3015 1117 3088 liliam
1146 3019 1248 3115 regis
1267 3020 1401 3116 Anglie
1425 3019 1529 3091 duxit

433 3137 603 3261 uxorqm,
623 3141 735 3214 quam
755 3121 851 3214 apud
868 3117 1132 3190 Guarmaciam
1153 3119 1353 3216 magnifice
1367 3123 1529 3216 despon-

434 3216 530 3288 savit
556 3274 563 3288 .
1128 3226 1131 3230 ’

920 3378 1044 3470 1236.

510 3532 642 3604 lllense
662 3533 821 3606 lanuarii
840 3535 1045 3634 imperator
1062 3536 1144 3633 ipse
1162 3531 1280 3608 filium
1300 3559 1411 3610 suum
1430 3537 1530 3608 Hen-

435 3631 554 3703 ricum
570 3637 639 3706 sub
651 3631 723 3706 lida
737 3636 905 3708 custodia
916 3637 1250 3734 permarchionem
1260 3633 1531 3710 Lanceemittit

435 3734 473 3804 in
492 3757 667 3830 regnum7
687 3745 723 3806 et
741 3736 776 3806 in
792 3735 925 3834 Apulia
943 3737 980 3808 in
1000 3761 1111 3810 rocca
1131 3761 1203 3836 que
1222 3737 1355 3811 dicitur
1369 3739 1529 3812 Sanctus

436 3834 536 3906 Felix
557 3837 766 3910 servandus
791 3838 957 3910 traditur.
1009 3839 1089 3911 Hoc
1114 3863 1211 3911 anno
1237 3839 1342 3913 iussu
1370 3840 1531 3938 impera-

436 3935 527 4008 toris
542 3935 739 4010 Brundusii
761 3938 845 4011 novi
864 3939 1079 4038 imperiales
1100 3943 1298 4038 cuduntur,
1325 3949 1361 4013 et
1380 3949 1532 4012 veteres

439 4108 462 4172 a}
483 4107 583 4160 viribus
602 4109 626 4158 2.
685 4111 711 4180 l)
730 4115 757 4164 tn
774 4111 827 4179 dne
846 4113 920 4166 luitur
940 4117 1011 4181 unni,
1031 4116 1081 4167 red
1098 4129 1178 4168 eruca
1193 4112 1312 4181 fortusse
1332 4115 1451 4168 urenda
1466 4118 1533 4181 ipre,

439 4183 503 4232 lieret·
520 4183 639 4248 lequnlur
654 4187 750 4237 aternu:
767 4183 869 4238 Eodem
887 4205 978 4239 mense
992 4185 1138 4240 landulfus
1151 4185 1304 4240 Casinensis
1322 4187 1404 4238 alrbas
1422 4187 1448 4238 in
1466 4187 1536 4238 leste

440 4261 592 4304 sarrrtomm
614 4252 717 4306 Narra-it
739 4267 766 4308 et
787 4297 885 4318 ,...,
914 4261 983 4328 quud
1005 4267 1097 4327 postea
1117 4262 1266 4312 adruinum
1291 4257 1368 4312 1236.
1390 4265 1537 4312 enarravit.
