3352 5026
291 387 295 398 ·
357 442 640 522 avocandos
667 441 728 515 ott
757 441 795 515 S.
822 440 1064 514 Germano.
1195 439 1264 513 159

341 649 411 708 Hoc
434 647 588 706 intuentes
611 661 721 704 omnes
745 641 798 724 qui
820 641 961 714 aderant,

381 729 475 804 Quod
498 727 572 790 mihi
595 727 637 788 ita
660 729 740 788 vires
764 725 955 798 defecerant,

380 814 427 874 De
450 832 500 873 me
523 809 680 883 diffidunt,
704 815 735 871 et
755 811 831 870 satis
853 808 1013 883 esitant⁰³,

381 899 532 978 'luneque
555 896 671 956 debere
694 913 745 956 me
768 891 848 954 mori
871 899 1045 954 autumant.
1097 930 1103 944 ·

339 983 426 1042 'lune
448 979 501 1061 qni
527 1000 595 1040 sum
619 979 702 1039 visus
724 976 795 1038 lore
817 975 965 1051 deterior,

382 1063 415 1124 ln
438 1063 491 1125 illa
515 1063 565 1122 die
586 1062 687 1124 lactus
708 1081 777 1122 snm
802 1059 926 1137 melior;

381 1149 430 1209 Fit
452 1167 580 1230 qnoque
604 1147 733 1206 morbus
757 1144 877 1205 validus
900 1143 1008 1214 levior,

382 1232 432 1292 lde
455 1229 588 1293 visitanti
612 1230 652 1288 de
675 1249 738 1308 quo
762 1227 925 1307 regratior.

339 1313 396 1377 Dio
420 1324 547 1394 paratur
570 1329 656 1374 nono
680 1310 864 1381 elleborum,

382 1398 480 1459 Dulce
503 1397 590 1478 quod
613 1415 677 1456 non
701 1402 748 1455 est
771 1402 803 1454 ut
825 1393 888 1454 mel
911 1401 965 1454 aut
985 1411 1159 1466 succorum,

381 1481 475 1555 Quod
498 1479 719 1559 magistrorum
740 1486 871 1557 propter
893 1475 1097 1538 ministerium

381 1563 457 1627 Mihi
480 1563 643 1624 confertur
665 1561 695 1620 in
719 1559 926 1640 refrigerium.

341 1647 374 1708 ln
399 1646 473 1709 tanti
496 1645 569 1707 mibi
594 1665 687 1708 causa
712 1643 842 1724 periculi

352 1790 353 1794 ,
383 1731 462 1793 Satis
486 1731 515 1790 id
538 1730 671 1792 contulit
693 1727 891 1798 adminiculi;

331 1875 334 1883 Α
381 1815 458 1876 Nam
482 1821 555 1874 tnnc
578 1813 698 1895 egressi
721 1812 747 1872 vi
770 1811 885 1892 sumpti
909 1812 1013 1892 poculi

381 1899 454 1961 Mox
476 1896 632 1960 leviantur
655 1905 684 1958 et
705 1897 794 1958 lrons
817 1905 848 1958 et
870 1894 964 1959 oculi.

339 1983 394 2044 Est
417 2000 497 2064 quac
521 1988 593 2042 tuno
615 1988 683 2042 erat
705 1989 835 2041 naturae
856 1979 921 2040 lilia
1009 2001 1015 2011 ·

382 2063 495 2125 Carior
515 2063 591 2124 milri
614 2081 708 2144 quam
732 2061 834 2141 campi
857 2061 932 2133 lilia,

382 2148 483 2220 Quam
506 2145 547 2206 nd
569 2164 713 2206 carorum
737 2163 813 2206 sana
836 2143 966 2206 consilia

381 2229 565 2308 Legitimavi
589 2229 628 2290 ad
653 2227 815 2307 optabilia.

341 2312 377 2373 Et
399 2311 587 2392 desponsavi
612 2319 740 2372 matrem
764 2309 889 2372 realiter

383 2395 421 2456 Et
443 2413 551 2456 coram
573 2394 676 2456 multis
700 2393 952 2473 praesentialiter

384 2479 517 2539 Anulum
542 2478 624 2554 dedi,
648 2477 792 2540 osculum
815 2477 940 2559 pariter,

383 2561 486 2622 Voluit
507 2563 591 2624 Deus
615 2562 668 2634 sic,
691 2569 722 2622 et
744 2581 808 2623 non
830 2559 930 2624 aliter.

340 2645 389 2707 Ob
411 2647 467 2706 Dei
490 2644 550 2706 mei
574 2643 816 2725 omnipotentia!

384 2729 463 2808 Erga
487 2726 616 2790 meluit
638 2733 753 2808 quanta
775 2726 949 2799 clementia,

382 2813 443 2886 Qui
466 2812 568 2872 morbi
592 2819 693 2874 mutas
715 2809 795 2872 haec
818 2809 993 2872 accidentia

381 2895 513 2957 insanae
536 2895 647 2956 mentis
671 2893 931 2956 convalescentia.

340 2979 426 3040 llaec
449 2989 501 3040 tua
522 2978 598 3039 mihi
619 2977 676 3039 tuit
698 2975 882 3058 indignatio,

381 3063 449 3124 Non
472 3062 637 3144 aegritudo
661 3062 714 3126 sed
739 3061 885 3134 visitatio,

382 3146 502 3210 Utinam
527 3167 583 3228 per
606 3153 636 3208 te
659 3147 698 3208 sit
720 3143 909 3218 emendatio,

380 3231 480 3305 Quam
505 3232 595 3291 decet
617 3229 805 3292 christianus
829 3238 859 3290 et
882 3227 1086 3289 collaudatio.

340 3314 400 3386 Qui
422 3313 573 3374 relevavit
595 3314 717 3392 lapsum
741 3312 793 3394 qni
817 3309 937 3384 cecidit,

381 3395 432 3456 Me
455 3393 618 3474 castigavit
640 3415 698 3456 nec
721 3395 811 3454 morti
835 3393 976 3469 tradidit3

382 3475 427 3535 llli
452 3476 629 3548 Riccardus,
652 3497 744 3558 quem
769 3477 848 3538 vitae
871 3474 1016 3551 reddidit,

383 3559 588 3638 Regnatiatur,
611 3561 663 3640 qui
687 3568 785 3622 metra
808 3560 958 3625 condidit.

340 3640 387 3701 llli
410 3641 450 3702 sit
471 3641 583 3714 bonor,
606 3642 701 3705 virtus
724 3651 755 3704 et
777 3643 888 3724 gloria,

383 3725 510 3786 Summa
533 3734 682 3806 potestas,
705 3745 826 3788 summa
850 3726 995 3802 victoria3

383 3805 438 3868 Cui
461 3827 545 3869 mors
568 3816 599 3870 et
622 3807 682 3870 vita
705 3809 819 3884 lavent,
842 3818 873 3870 et
896 3810 1002 3872 omnia

382 3889 463 3953 Vivit
486 3898 517 3952 et
539 3900 647 3970 regnat
668 3893 753 3954 Deus
775 3891 806 3952 in
830 3892 967 3957 saecula.

255 3973 436 4054 Gregorius.
480 3974 683 4056 Sequentium
711 3994 815 4036 rernm
845 3975 999 4038 certitudo
1030 3983 1076 4038 est
1105 3978 1264 4056 praeteri-

173 4065 271 4119 tarum
303 4055 471 4120 exhibitio:
501 4057 623 4118 coelum
654 4065 685 4119 et
712 4067 793 4119 terra
818 4059 1007 4131 transibunt,
1038 4060 1131 4120 verba
1160 4069 1263 4123 autem

173 4159 242 4201 mea
258 4161 320 4208 non
337 4141 561 4221 praeteribunt.
591 4140 638 4202 Nil
654 4139 685 4200 in
701 4159 804 4201 rerum
818 4141 1030 4218 corporalium
1046 4151 1155 4205 nutura
1173 4145 1264 4208 coelo

172 4276 224 4353 65)
247 4276 264 4338 i.
287 4300 316 4360 q.
339 4279 505 4342 haesitant.
