3326 5022
534 430 574 500 A.
607 431 711 504 1227.
744 429 848 502 1226.
1190 428 1237 496 67

147 632 245 728 apud
277 630 456 702 Sanctum
487 627 735 720 Germanum.)
773 630 817 698 ad
846 626 1112 721 imperatorem
1140 624 1239 696 vadit

147 737 262 804 abbas
278 729 494 804 Casinensis
516 727 719 824 predictus7
738 727 841 823 ipsos
863 736 1043 822 preeunte
1062 726 1158 796 dicto
1178 729 1239 798 ab·

147 837 232 904 bate
248 829 533 922 Terremaioris3
553 828 613 925 qui
634 853 655 900 a
675 849 806 900 cesare
827 826 1046 924 prohibitus7
1066 829 1110 898 ad
1131 847 1240 896 suam

147 943 237 1002 tunc
256 929 455 1002 ecclesiam
476 953 550 999 non
571 929 742 1000 accessit.

534 1211 536 1215 v
636 1163 757 1252 1228.

223 1330 358 1408 Mense
380 1336 539 1408 lanuarii
567 1336 709 1408 denarii
736 1336 820 1408 novi
840 1332 1065 1406 Brundusini
1092 1356 1158 1429 per
1177 1333 1241 1414 Ur-

150 1461 283 1508 sonem
304 1437 511 1508 castaldum
531 1435 569 1506 in
588 1436 725 1508 Sancto
741 1435 929 1508 Germano
945 1433 1019 1505 dati
1034 1442 1134 1524 sunu
1154 1457 1241 1529 quo·

149 1561 232 1608 rum
262 1560 411 1611 summa
438 1536 506 1606 fuit
529 1537 763 1629 leuandae,
791 1560 885 1633 quos
910 1534 1091 1630 magister
1109 1534 1242 1604 Frede-

76 1652 78 1656 ’
149 1639 248 1710 ricus
268 1649 305 1711 et
322 1636 541 1710 Fredericus
556 1635 706 1712 Landus
726 1640 771 1709 de
790 1635 1048 1730 blalacuoclar‚
1066 1656 1242 1731 procura·

148 1749 250 1812 tures
266 1743 311 1812 ab
327 1741 460 1812 abbate
475 1737 605 1831 relicti,
621 1738 786 1810 distribui
801 1736 1075 1836 particulariter
1088 1759 1157 1832 per
1169 1745 1241 1808 ter·

150 1863 230 1910 ram
246 1837 464 1910 monasterii
485 1850 744 1936 preceperunt.

223 1941 364 2012 Eodem
381 1963 514 2010 mense
530 1939 751 2013 clericorum
765 1939 904 2012 lucarie
917 1937 981 2010 lilii
996 1948 1033 2010 et
1047 1936 1121 2008 lilie
1136 1935 1240 2008 iussu

84 2058 88 2066 ·
149 2040 386 2137 imperaturis
414 2039 610 2136 capiuntur
629 2037 763 2135 ubique
783 2063 851 2137 per
870 2063 1040 2135 regnum.
1098 2030 1101 2041 ’

227 2141 332 2212 Dicto
365 2139 561 2211 Casinensi
595 2143 715 2212 abbati
748 2145 793 2214 ab
820 2140 1047 2236 imperatore
1073 2141 1110 2210 in
1139 2163 1241 2212 man·

151 2241 246 2312 datis
274 2242 393 2332 datur7
423 2250 460 2310 ut
489 2249 637 2332 centum
664 2241 874 2312 servientes
903 2244 999 2314 bene
1018 2249 1169 2336 paratos
1190 2239 1242 2308 in·

150 2339 288 2434 veniat,
304 2363 387 2410 cum
405 2340 581 2435 expensis
598 2351 635 2412 et
650 2340 764 2412 armis
779 2365 1000 2437 perannum
1016 2339 1243 2414 necessariis

152 2441 199 2510 ad
219 2439 412 2512 servitium
433 2450 533 2510 terre
552 2450 694 2530 sancte.

226 2540 355 2614 Dictus
385 2539 565 2636 magister
581 2541 800 2615 Fredericus
821 2553 858 2614 et
875 2541 1094 2614 Fredericus
1112 2541 1244 2614 Berar-

153 2643 220 2712 dus
247 2644 292 2714 de
313 2640 452 2714 Celano
471 2642 593 2713 vocati
613 2645 657 2714 ad
677 2667 814 2740 papam
834 2645 986 2737 vadunt,
1014 2667 1174 2739 quorum
1194 2641 1244 2712 al,-

150 2751 221 2834 ten
249 2741 390 2814 scilicet
407 2743 434 2814 F
436 2742 625 2816 redericus
645 2743 846 2836 berardus,
868 2743 1169 2838 procurationem
1188 2765 1244 2814 re-

153 2841 242 2951 cipit
260 2842 387 2914 Sancti
406 2843 578 2938 Gregorii
603 2843 639 2915 in
659 2845 778 2938 Urbe5
806 2843 912 2917 alteri
940 2867 1029 2916 vero
1053 2841 1243 2917 Farfensis

153 2943 313 3038 ecclesie
333 2943 481 3015 rennuit
499 2944 696 3018 abbatiam.

222 3043 542 3140 archiepiscopus
562 3045 847 3120 panormitanus
874 3046 1024 3118 nuntius
1047 3070 1066 3118 a
1088 3045 1244 3118 soldano

153 3147 199 3216 ad
228 3168 400 3217 cesarem
428 3147 598 3242 rediens7
627 3147 867 3245 elephantem
894 3171 1028 3241 unum,
1056 3146 1179 3218 mulos
1208 3155 1246 3216 et

152 3245 318 3341 pretiosa
344 3249 505 3343 quedam
525 3247 595 3319 alia
617 3272 772 3322 munera
791 3247 862 3344 ipsi
881 3247 1097 3345 imperatori
1117 3247 1246 3322 detulit

154 3369 199 3416 ex
218 3356 324 3441 parte
344 3347 498 3420 soldani.

226 3447 358 3518 Mense
377 3447 565 3521 Februarii
585 3445 780 3520 Odorisius
798 3449 846 3518 de
864 3447 1006 3518 Aversa
1026 3445 1244 3522 casinensis

154 3545 363 3618 monachus
390 3571 410 3616 a
437 3547 617 3644 Gregorio
643 3571 740 3645 papa
766 3548 802 3620 in
824 3549 996 3620 abbatem
1016 3546 1142 3623 Sancti
1161 3546 1245 3619 Vin·
1346 3619 1348 3624 ,

155 3643 265 3715 centii
286 3657 478 3740 promotus
499 3658 567 3719 est.

230 3743 360 3817 Mense
385 3745 505 3816 Martii
534 3769 599 3843 pro
620 3758 775 3821 centum
799 3747 975 3845 predictis
994 3747 1244 3825 servientibus

155 3845 311 3916 collecte
331 3855 419 3918 sunt
438 3849 483 3920 de
501 3857 601 3920 tenu
621 3849 838 3925 monasterii
857 3849 965 3924 uncie
988 3852 1094 3924 1200.

228 3947 369 4018 Eodem
390 3971 523 4020 mense
540 3949 743 4022 Landulfus
764 3950 982 4026 Casinensis
1002 3954 1117 4023 abbas
1137 3972 1245 4022 voca·

154 4057 213 4120 tus
235 4058 293 4120 est
310 4073 332 4118 a
353 4071 498 4144 cesare⁷
521 4060 559 4123 ut
577 4053 622 4122 ad
641 4048 765 4146 ipsum
786 4054 897 4123 vadat
915 4054 1011 4149 apud
1031 4052 1265 4125 Tarentum(

155 4149 200 4220 Et
219 4149 438 4244 quibusdam
459 4152 505 4222 de
525 4175 642 4247 reguo
664 4151 815 4248 prelatis
835 4151 1051 4250 iniungitur,
1079 4162 1119 4225 ut
1138 4177 1179 4227 se
1199 4154 1244 4226 ad

152 4250 467 4324 transfretandum
488 4256 649 4328 debeant
668 4277 879 4350 preparare.
