3352 5026
606 443 646 532 a.
679 441 784 513 1229.
1195 441 1240 510 sl

154 641 324 714 dominus
344 641 449 712 lesus
466 639 649 732 Christus7
670 637 730 729 qui
751 646 808 709 est
828 636 1009 733 sapientia
1026 638 1157 732 Patris7
1177 664 1244 712 sua

154 745 262 815 solita
283 740 514 838 providentia
534 739 589 812 sic
607 737 803 829 ordinavit
824 741 920 834 quod
941 739 1118 812 soldanus
1138 741 1244 813 resti-

154 843 262 914 tuit³²
288 851 458 914 sanctam
485 839 718 913 lherusalem
747 837 819 936 ipsi
846 837 1060 935 imperatori
1087 851 1124 912 et
1151 841 1336 913 chri-Febr.

156 942 288 1016 stianis
308 967 394 1014 cum
414 945 585 1014 omnibus
606 940 821 1012 tenimentis
849 940 942 1036 suis,
970 951 1127 1038 excepto
1149 945 1245 1038 quod
1276 922 1319 978 ¹⁸·

155 1044 336 1139 templum
363 1041 511 1114 Domini
537 1045 691 1115 deberet
716 1065 804 1114 esse
830 1039 866 1110 in
887 1041 1053 1112 custodia
1072 1042 1247 1115 Sarrace-

157 1168 303 1237 norum⁷
331 1143 415 1239 quia
443 1142 500 1214 diu
529 1152 807 1234 consueverant
833 1164 941 1212 orare
965 1141 1115 1238 ibidem7
1144 1154 1181 1216 et
1209 1152 1248 1214 ut

156 1245 313 1316 liberum
332 1243 520 1314 introitum
537 1254 574 1315 et
590 1244 727 1315 exitum
743 1245 906 1314 habeant
920 1241 1006 1313 illuc
1021 1245 1247 1316 accedentes

156 1343 334 1415 orationis
369 1357 580 1438 causa,·et
616 1341 828 1415 christianis
863 1341 1034 1412 similiter
1069 1343 1247 1416 orationis

156 1469 270 1517 causa
298 1444 346 1515 sit
370 1444 594 1541 expositum.
649 1443 777 1514 Villam
805 1441 919 1512 etiam
946 1466 1017 1538 que
1043 1443 1175 1514 dicitur
1201 1447 1247 1516 ad

156 1544 336 1617 Sanctum
356 1544 559 1640 Georgium
587 1553 625 1614 et
649 1543 886 1638 casalia.que
913 1553 1000 1614 sunt
1026 1567 1070 1614 ex
1091 1553 1266 1641 utraque

155 1655 262 1744 parte
282 1645 341 1744 vie
362 1657 480 1742 usque
494 1645 726 1716 lherusalem
746 1643 912 1716 reddidit.
943 1643 1139 1716 Bethleem
1159 1669 1248 1741 quo-

157 1769 229 1842 que
253 1755 291 1817 et
316 1745 453 1817 casalia
482 1769 553 1840 que
580 1755 668 1818 sunt
695 1745 792 1816 inter
817 1743 939 1839 ipsam
961 1755 998 1814 et
1016 1745 1247 1818 lherusalem

156 1845 327 1918 restituit.
379 1847 565 1918 Nazareth
594 1846 705 1918 etiam
735 1869 819 1916 cum
848 1845 926 1918 suis
954 1845 1185 1942 tenimentisv
1213 1855 1250 1918 et

95 1939 98 1946 ’
158 1970 242 2018 cum
276 1947 462 2018 casalibus
492 1970 564 2043 que
593 1956 680 2018 sunt
707 1945 803 2017 inter
828 1947 954 2017 Accon
984 1957 1022 2017 et
1048 1947 1248 2041 Nazareth,

156 2047 358 2119 reddiditin
372 2071 506 2118 manus
520 2045 818 2118 christianorum.
848 2045 1044 2117 Redditurn
1062 2057 1120 2118 est
1135 2047 1248 2118 etiam

158 2159 322 2219 castrum
337 2147 509 2219 Zorontis
530 2170 614 2216 cum
635 2146 712 2218 suis
731 2146 947 2218 tenimentis
961 2145 1196 2243 pertinentiis
1213 2157 1251 2218 et

78 2286 80 2290 ·
157 2247 265 2321 villis.
294 2249 457 2318 Necnon
475 2246 663 2317 civitatem
681 2245 882 2318 Guidonis·
902 2269 985 2318 cum
1002 2257 1078 2318 tota
1095 2246 1248 2343 planitie

158 2371 230 2443 que
259 2347 326 2418 sibi
353 2347 484 2418 attinet
507 2345 683 2441 reddidit,
711 2347 791 2418 seth
817 2369 951 2434 omnes
977 2356 1118 2441 terras,
1155 2371 1248 2443 quas

160 2446 349 2518 christiani
378 2457 548 2542 tempore
572 2445 675 2543 pacis
705 2447 891 2518 habebant
917 2447 954 2518 et
978 2447 1015 2518 in
1034 2471 1128 2543 pace
1146 2458 1250 2520 tene-

160 2553 257 2618 bant.
292 2547 433 2618 Licebit
451 2557 577 2617 autem
598 2571 641 2618 ex
662 2557 771 2644 pacto
791 2547 1005 2638 imperatori
1028 2558 1064 2619 et
1081 2548 1249 2621 christia·

74 2667 77 2682 ·
161 2648 216 2718 nis
249 2645 493 2719 rehedificare
526 2647 712 2719 civitatem
742 2657 911 2720 sanctam
943 2649 1175 2720 lherusalem
1213 2647 1249 2718 in

160 2748 274 2818 muris
301 2759 338 2818 et
363 2749 538 2841 turribuS,
574 2757 736 2819 castrum
765 2749 905 2844 loppen
934 2759 971 2820 et
998 2758 1163 2820 castrum
1183 2749 1251 2822 Ce·
1322 2778 1328 2785 ·

160 2872 287 2942 saree7
322 2849 485 2920 hlontem
511 2849 660 2920 Fortem
695 2859 731 2920 et
763 2859 927 2919 castrum
958 2873 1117 2944 novum,
1153 2851 1250 2944 quod
1293 2939 1297 2946 Ι
1357 2865 1360 2873 “

160 2947 298 3020 firmari
324 2949 393 3020 hoc
423 2974 520 3020 anno
548 2949 738 3046 inceptum
764 2949 877 3021 estin
898 2949 1096 3022 montanis.
1149 2949 1250 3021 Veri-

160 3049 279 3121 simile
296 3051 394 3121 enim
410 3050 566 3143 videtura
586 3051 729 3146 quodsi
745 3061 832 3121 tunc
847 3049 1052 3147 imperator
1066 3075 1150 3122 cum
1166 3075 1249 3147 gra·

159 3151 209 3222 tia
226 3160 263 3222 et
275 3175 367 3246 pace
383 3152 552 3223 Romane
573 3151 733 3223 ecclesie
751 3151 965 3245 transisset,
983 3151 1096 3247 longe
1115 3151 1251 3223 melius

161 3261 198 3322 et
230 3250 419 3324 efficacius
455 3263 717 3348 prosperatum
753 3252 887 3323 fuisset
923 3251 1115 3346 negotium
1151 3263 1251 3323 terre

162 3362 302 3422 sancte.
334 3352 399 3423 Set
419 3363 595 3447 quantam
615 3352 651 3420 in
672 3352 752 3447 ipsa
769 3375 836 3422 sua
853 3351 1154 3446 peregrinatione
1171 3375 1252 3445 per·

162 3451 393 3522 secutionem
423 3451 616 3546 pertulerit
641 3455 686 3522 ab
714 3449 887 3544 ecclesia,
916 3474 1000 3521 curn
1029 3475 1102 3520 non
1130 3451 1251 3522 solum

163 3553 259 3646 quod
288 3575 351 3646 pro
381 3551 474 3622 velle
501 3550 624 3647 ipsum
647 3551 818 3623 dominus
837 3574 933 3647 papa
953 3549 1252 3622 excommunica·

164 3649 274 3742 verit7
309 3674 442 3720 uermn
476 3651 587 3721 etiam
617 3655 712 3746 quod
738 3653 860 3748 ipsum
888 3651 1252 3723 excommunicatum

53 3811 56 3815 .
163 3750 302 3822 scirent
328 3760 364 3821 et
386 3761 578 3844 tamquam
600 3753 963 3822 excommunicatum
984 3751 1145 3824 vitarent
1163 3775 1253 3824 eun·

162 3855 247 3923 dem
267 3851 479 3948 patriarche
498 3851 821 3922 lherosolimitano
841 3851 1044 3947 mandavit,
1064 3850 1253 3947 magistris

161 3955 357 4024 domorum
385 3951 587 4048 Hospitalis
616 3963 653 4022 et
679 3952 839 4048 Templi:
874 3962 1027 4048 propter
1053 3954 1151 4046 quod
1179 3976 1252 4022 non

162 4057 304 4150 absque
332 4054 388 4126 sui
418 4051 591 4124 culminis
619 4053 723 4148 gravi
750 4050 881 4122 iniuria
902 4075 1011 4123 snum
1032 4051 1068 4122 in
1089 4051 1252 4124 exercitu

163 4153 364 4225 christiano
401 4153 510 4226 iussit
540 4151 760 4250 preconium
787 4151 983 4246 subticeri7
1020 4162 1056 4224 ct
1084 4177 1131 4226 ne
1154 4163 1254 4226 terre

82 4303 84 4306 -
161 4270 185 4340 a)
207 4269 322 4341 sydonis
341 4273 367 4327 a.
390 4273 416 4327 a.
492 4275 519 4342 s)
539 4276 584 4328 sea
606 4273 677 4328 eta.
697 4273 723 4326 3.
882 4269 932 4352 32)
957 4292 985 4332 v.
1009 4270 1102 4351 Legg.
1125 4271 1161 4346 u,
1183 4272 1254 4335 260.
1337 4284 1338 4288 ¹
