3326 5022
591 428 631 496 A.
663 428 768 500 1227.
1182 428 1230 498 65

216 627 355 701 Eodem
378 647 509 696 mense
529 608 679 720 quidam
699 624 735 694 in
756 624 852 696 Urbe
872 623 1049 695 vicariurn
1070 647 1167 720 pape
1191 645 1233 695 se

143 728 300 823 faciens,
329 749 425 823 papa
453 723 571 796 inscio
600 734 636 796 et
661 727 830 818 absente7
858 726 942 794 dum
969 724 1097 796 favore
1116 724 1234 796 fretus

143 829 399 902 Romanorum
432 825 678 923 quorumdam
711 825 771 924 qui
808 825 878 896 hoc
905 823 984 896 fieri
1013 823 1236 918 tolerabant,

143 928 264 1026 gratia
283 935 451 1022 questus7
480 936 584 998 stans
611 935 701 1022 aput
719 925 900 1023 porticum
922 925 1041 998 sancti
1061 925 1171 1017 Petri,
1199 935 1237 997 et

143 1036 332 1126 potestate
359 1037 468 1098 utens
493 1027 717 1124 apostolica7
744 1026 1036 1122 crucesignatis
1062 1025 1235 1098 omnibus

145 1125 388 1200 absolutionis
413 1126 634 1200 beneficium
664 1127 917 1223 impendebat,
945 1137 982 1199 et
1007 1150 1076 1224 per
1101 1126 1237 1198 Roma·

146 1231 235 1324 nos,
263 1229 430 1300 fautores
456 1227 548 1300 tanti
576 1227 760 1322 criminis,
790 1251 941 1299 crucem
966 1231 1011 1300 ab
1040 1227 1095 1299 eis
1124 1251 1236 1323 quam

144 1337 433 1426 assumpserant
465 1330 686 1425 deponebat.
752 1326 824 1414 Qui
860 1352 880 1398 a
918 1337 1093 1400 senatore
1128 1327 1249 1402 Urbis*

146 1440 292 1528 captus,
310 1438 397 1526 post
411 1427 731 1500 denuntiationem
747 1427 816 1500 sibi
831 1451 852 1498 a
867 1451 963 1525 papa
979 1427 1130 1521 factam,
1148 1437 1238 1498 tunc

146 1533 243 1629 apud
262 1527 470 1625 Anagniam
491 1528 690 1624 exist-ente,
716 1537 846 1626 captus
876 1539 935 1601 est
960 1539 997 1600 et
1015 1524 1137 1600 debita
1156 1551 1225 1624 per

145 1655 239 1703 sone
258 1653 357 1727 pena
371 1629 587 1702 mulctatus.
1219 1665 1222 1672 ·

219 1731 366 1802 luteres
392 1753 480 1826 pars
509 1753 620 1802 cruce
653 1729 896 1826 signatorum*
920 1755 993 1802 non
1026 1729 1171 1802 modica
1201 1727 1239 1800 in

144 1830 290 1928 Apulia,
310 1830 602 1928 superveniente
621 1828 849 1926 infirmitate,
872 1830 1003 1904 cecidit
1021 1855 1090 1928 per
1108 1829 1239 1902 mortis

146 1955 334 2004 occasum.
364 1932 572 2026 Imperator
584 1941 711 2003 tamen
728 1955 812 2004 cum
829 1931 1018 2004 lancravio
1035 1941 1073 2004 et
1087 1930 1239 2028 reliquis

147 2056 258 2104 cruce
278 2031 435 2128 signatis
456 2055 497 2104 se
518 2041 624 2128 parat
642 2034 687 2103 ad
706 2031 919 2126 transitum,
938 2033 987 2104 ita
1008 2034 1103 2129 quod
1123 2031 1160 2103 iu
1181 2031 1239 2104 die

148 2133 351 2204 nativitatis
380 2136 489 2204 beate
517 2131 679 2228 Virginis
708 2157 728 2204 a
754 2128 963 2204 Brundusio
991 2133 1240 2204 transfretans

149 2233 251 2305 venit
281 2233 508 2326 Ydrontum,
545 2241 582 2304 et
613 2255 721 2328 spem
754 2232 897 2306 faciens
930 2233 1001 2304 biis
1033 2257 1127 2329 quos
1160 2256 1242 2330 pre·

148 2333 304 2406 miserat
329 2335 374 2404 de
399 2331 557 2404 transitu
584 2355 666 2428 suo,
695 2332 830 2404 morari
851 2337 948 2431 apud
967 2334 1175 2405 Ydrontum
1196 2357 1241 2405 ex

149 2457 264 2506 causa
290 2431 508 2504 necessaria
535 2433 668 2530 voluit5
696 2435 757 2506 ubi
783 2458 873 2506 casu
902 2434 1094 2507 accidente
1121 2433 1241 2507 dictus

148 2533 362 2606 lancravius
381 2533 482 2628 obiit,
510 2543 548 2605 et
565 2533 647 2631 ipse
666 2545 755 2608 tunc
773 2535 885 2608 etiam
904 2535 1120 2634 imperator.
1146 2533 1243 2608 sicut

149 2635 400 2733 disposuerat.
428 2635 718 2731 superveniente
738 2636 946 2733 egritudine
966 2660 1040 2707 non
1058 2635 1243 2708 transivit.

150 2735 1242 2833 QuamobrempapamotuscontraeumaputAnagniam

150 2835 358 2934 penultimo
384 2835 527 2908 mensis
553 2837 787 2934 Septembris
812 2837 849 2908 iu
877 2838 974 2910 festo
1000 2835 1328 2921 dedicationissm.

150 2936 368 3033 archangeli
394 2937 475 3010 sine
504 2961 617 3010 carrse
637 2938 850 3034 cognitione
869 2937 1101 3010 denuntiavit
1118 2937 1242 3036 ipsum
1270 2927 1317 2982 ²⁹·

125 3039 127 3042 ’
151 3038 418 3135 imperatorem
438 3037 473 3110 in
495 3037 608 3110 latam
628 3041 764 3112 dudum
786 3050 875 3137 aput
894 3040 1072 3112 Sanctum
1090 3038 1245 3112 Germa·

152 3163 241 3210 num
258 3139 654 3212 excommunicationis
669 3141 896 3212 sententiam
912 3139 1099 3213 incidisse.
1126 3140 1246 3236 Impe-

152 3249 253 3312 rator
269 3243 316 3312 de
335 3239 467 3338 Apulia
486 3251 575 3313 tunc
593 3241 696 3314 veuit
721 3243 767 3314 ad
796 3241 928 3334 balnea
955 3241 1108 3312 Puteoli.
1158 3241 1247 3313 Gre-

152 3340 280 3437 gorius
300 3365 411 3436 papa,
437 3344 483 3412 de
502 3343 670 3437 Anagnia
690 3365 758 3438 per
775 3341 980 3412 Velletrum
999 3341 1071 3413 iter
1088 3341 1247 3434 habens,

155 3440 250 3514 redit
277 3443 322 3512 ad
352 3441 501 3514 Urbem.
553 3443 606 3512 Ad
634 3464 745 3537 quern
769 3443 814 3514 ad
835 3464 943 3515 suam
964 3440 1246 3512 excusationem

155 3563 245 3611 suos
272 3539 396 3635 dirigit
421 3540 569 3614 nuntios
597 3541 814 3639 imperator,
842 3541 1028 3637 Reginum
1049 3539 1192 3614 scilicet
1211 3549 1249 3612 et

155 3639 363 3710 barensem
381 3641 699 3739 archiepiscopum
714 3644 944 3737 Raynaldum
961 3641 1098 3714 dictum
1113 3644 1247 3714 ducem

155 3739 311 3835 Spoleti,
331 3749 368 3811 et
386 3740 561 3813 comitem
579 3742 781 3816 Henricum
801 3745 846 3815 de
865 3743 995 3838 blalta3
1019 3742 1152 3840 quibus
1173 3767 1248 3814 non

154 3840 239 3938 plus
266 3843 424 3912 credens
452 3866 563 3938 quarn
590 3843 728 3916 nuntiis
757 3844 834 3917 suis
857 3846 903 3915 de
923 3843 1162 3916 invalitudine
1182 3844 1247 3915 im·

154 3940 352 4040 penderis,
380 3943 523 4015 vocatis
551 3945 596 4014 ad
616 3945 753 4017 Urbem
773 3943 926 4042 prelatis
955 3944 1007 4017 eis
1033 3957 1182 4018 montes
1212 3953 1249 4017 et

155 4045 200 4115 de
220 4067 338 4140 regno
358 4067 451 4140 quos
466 4043 598 4142 potuit,
617 4045 653 4116 in
669 4046 810 4117 octavis
826 4045 924 4118 beati
939 4044 1086 4118 Martini
1101 4045 1246 4143 publice
1257 4063 1324 4119 Nov.

156 4144 457 4216 excommunicat
484 4145 620 4242 ipsum,
649 4156 686 4217 et
704 4171 771 4244 per
789 4155 908 4219 totum
928 4145 1171 4220 Occidentem
1191 4147 1246 4220 lit·
1275 4137 1317 4190 ¹⁸·

155 4253 256 4316 teras
278 4270 391 4343 snper
410 4247 481 4319 hoc
500 4245 623 4344 dirigit
641 4248 851 4344 generales.
