3326 5022
452 424 503 496 20
654 422 938 499 RYCCARDUS
966 423 1027 497 DE
1054 423 1090 496 S.
1118 423 1349 498 GERMANO

453 638 577 699 castra
610 649 696 722 suu7
733 625 952 698 Cervarium
985 634 1022 696 et
1051 624 1269 718 Toroolum,
1303 627 1376 697 duo
1405 625 1563 696 scilicet

452 737 576 800 castra
612 730 658 799 ab
694 725 962 799 habitatoribus
1000 724 1199 814 derelicta,
1240 727 1469 820 combussit⁷
1515 735 1560 797 et

343 839 399 895 tan.
414 827 613 926 7.septimo
641 826 802 900 intrante
828 825 987 898 Ianuarii
1007 835 1094 897 ante
1114 825 1293 898 Sanctum
1314 826 1557 898 Germanum

450 929 487 1000 in
508 928 650 1025 campis
671 938 793 1000 castra
815 937 977 1000 metatus
998 937 1066 998 est.
1098 927 1142 998 Et
1161 950 1246 998 curn
1262 930 1307 1000 ad
1324 927 1557 1024 capiendam

450 1041 592 1103 terram
617 1029 740 1126 ipsam
768 1031 873 1100 daret
900 1028 1119 1123 frequentes
1147 1027 1326 1123 insultus,
1354 1051 1491 1125 capere
1516 1028 1554 1101 vi

451 1155 536 1203 eam
571 1154 644 1201 non
681 1129 816 1227 potuit,
852 1128 1064 1201 hominibus
1098 1127 1256 1200 civitatis
1291 1153 1334 1200 ac
1368 1128 1553 1201 militibus

450 1229 757 1328 Campaniepqui
777 1229 814 1300 in
834 1253 878 1301 ea
898 1239 1166 1324 convenerant,
1195 1254 1238 1301 ea
1260 1229 1342 1301 diel
1366 1229 1554 1302 resisten·

448 1331 627 1406 tibusilli.
1637 1411 1638 1414 Ἴ

523 1433 627 1505 Tunc
645 1431 861 1527 Dyopuldus
881 1429 954 1503 iam
975 1429 1109 1526 dictus,
1136 1429 1198 1527 qui
1221 1432 1266 1502 ad
1285 1429 1409 1528 ipsum
1431 1453 1551 1502 vene·

431 1536 506 1606 'rat
524 1531 791 1626 Marcualdum,
818 1543 986 1604 montem
1009 1533 1196 1628 quendam
1216 1530 1278 1628 qui
1295 1531 1393 1603 Maio
1412 1530 1551 1603 dicitur

449 1659 534 1706 curn
570 1633 648 1706 suis
685 1649 896 1729 occupans,
933 1656 1001 1704 sua
1033 1631 1081 1704 ibi
1115 1631 1275 1704 tentoria
1311 1630 1406 1726 fixit3
1444 1636 1547 1729 quod

448 1735 539 1807 tanti
566 1757 681 1806 causa
708 1733 852 1805 timoris
871 1732 938 1804 tuit
957 1732 1129 1805 omnibus
1149 1734 1195 1804 de
1213 1743 1313 1805 terra
1333 1732 1428 1831 ipsa,
1456 1757 1547 1805 cum

448 1833 737 1934 supereminens
757 1844 862 1906 esset
875 1857 985 1906 mons
1001 1831 1137 1906 civitati
1153 1843 1191 1905 et
1204 1844 1336 1930 posset
1350 1838 1396 1907 de
1412 1858 1546 1932 super-

448 1936 506 2009 nis
524 1934 713 2008 montibus
733 1936 778 2006 ab
798 1935 966 2007 hostibus
985 1933 1094 2006 facile
1113 1934 1301 2031 occupari,
1323 1938 1420 2031 quod
1439 1934 1543 2007 idern

447 2041 562 2110 abbas
577 2047 687 2108 nocte
704 2038 962 2108 conscendens
978 2034 1177 2107 occasione
1192 2036 1383 2108 muniendi
1400 2035 1541 2107 vallum

446 2136 677 2231 monasterii,
693 2136 859 2208 nonnulli
878 2139 924 2208 de
943 2135 1091 2208 civitate
1108 2159 1191 2207 cum
1208 2137 1455 2234 suppellectili
1470 2161 1544 2228 sua

447 2264 490 2312 se
515 2241 561 2312 ad
588 2238 728 2310 vallum
754 2236 977 2310 contulerint
996 2247 1260 2329 memoratum,
1288 2237 1540 2310 cardinalibus

446 2340 539 2438 ipsis
569 2363 679 2412 mane
706 2339 878 2435 sequenti
907 2362 949 2410 se
968 2337 1232 2435 recipientibus
1251 2337 1288 2410 in
1308 2339 1390 2436 ipso
1411 2363 1541 2410 mona-

338 2455 394 2511 tan.
408 2457 436 2512 8.
446 2441 560 2514 sterio
581 2465 695 2513 causa
717 2451 859 2531 metus3
888 2439 1016 2535 sicque
1037 2439 1094 2510 die
1113 2439 1215 2536 ipso,
1243 2449 1375 2510 octavo
1396 2439 1541 2513 scilicet

447 2541 617 2635 lanuarii,
644 2541 813 2613 relictam
846 2543 891 2611 ab
924 2539 1054 2612 incolis
1083 2539 1270 2611 civitatem
1300 2540 1537 2613 Maroualdus

443 2642 606 2737 intravit,
625 2641 731 2715 bonis
748 2641 906 2740 propriis
923 2640 1108 2739 spoliavit,
1123 2651 1160 2712 et
1174 2665 1267 2738 quos
1282 2641 1319 2712 in
1336 2666 1379 2713 ea
1395 2641 1540 2713 invenit

445 2743 551 2842 penis
583 2743 722 2816 addixit
753 2741 940 2839 variisque
970 2742 1188 2836 tormentis7
1221 2743 1353 2838 quibus
1385 2743 1537 2840 pietatis

444 2870 558 2917 causa
578 2869 652 2916 non
672 2844 829 2942 proluit,
861 2843 932 2916 nisi
953 2842 1082 2914 redimi
1103 2843 1324 2939 profuisset3
1360 2868 1431 2915 nec
1450 2867 1538 2914 con·

442 2956 569 3017 tentus
599 2969 643 3016 eo
672 2947 769 3042 quod
797 2955 935 3016 terram
959 2955 1210 3040 occupaverat
1229 2944 1460 3037 monasterii,
1487 2947 1535 3017 ad

443 3046 689 3119 obsidendum
722 3045 810 3116 illud
843 3055 881 3116 et
912 3044 1152 3142 capiendum,
1185 3069 1270 3116 curn
1301 3045 1337 3116 in
1371 3069 1415 3118 eo
1448 3069 1534 3116 curn

443 3146 569 3218 multis
585 3145 790 3244 Campania
810 3145 985 3218 militibus
1002 3155 1038 3216 et
1053 3155 1166 3240 gente
1183 3145 1341 3219 civitatis
1361 3171 1434 3218 non
1456 3171 1534 3217 mo-

442 3247 523 3319 dica
551 3271 593 3319 se
621 3246 872 3319 concluserint
904 3246 1133 3340 cardinales7
1170 3251 1375 3319 ascendere
1407 3247 1534 3320 voluit.

442 3347 514 3436 Qui
542 3371 627 3420 cum
657 3372 724 3447 per
752 3347 831 3420 dies
859 3347 1011 3444 aliquot7
1040 3345 1160 3444 posita
1186 3347 1221 3418 in
1248 3347 1418 3421 viridario
1438 3350 1533 3422 obsi-

440 3449 563 3545 dione,
582 3449 705 3548 ipsum
721 3449 993 3521 monasterium
1006 3458 1153 3520 teneret
1168 3453 1383 3545 obsessum⁷
1402 3460 1440 3521 et
1458 3451 1532 3522 val·

439 3551 516 3623 lum
548 3550 672 3648 ipsum
704 3574 772 3647 per
802 3551 1019 3646 frequentes
1051 3549 1211 3622 insultus
1246 3550 1432 3623 hostiliter
1466 3551 1531 3622 im-

441 3661 646 3748 pugnaret,
674 3674 810 3748 capere
837 3650 1005 3746 pervim
1032 3650 1119 3721 illud
1147 3675 1219 3721 non
1247 3651 1387 3748 potuit‚
1423 3651 1531 3724 Cam·

442 3753 549 3851 panis
578 3762 615 3823 et
641 3751 722 3823 aliis
750 3751 810 3847 qui
840 3759 948 3822 erant
973 3750 1008 3822 in
1030 3751 1126 3822 vallo
1146 3751 1335 3824 constituti
1356 3751 1530 3825 militibus

439 3852 701 3925 resistentibus
721 3851 782 3922 illi.
830 3851 999 3950 Cumque
1022 3851 1167 3924 firmata
1193 3853 1386 3925 obsidione
1406 3855 1451 3925 ad
1472 3877 1530 3924 ca-

440 3955 617 4050 piendum
650 3951 919 4024 monasterium
948 3954 1194 4025 vehementer
1225 3954 1402 4049 instaret,
1434 3958 1529 4051 quod

440 4079 524 4125 cum
545 4056 702 4151 pervim
723 4079 796 4124 non
818 4065 960 4152 posset,
980 4057 1155 4126 credebat
1175 4054 1273 4126 lame
1293 4055 1401 4128 sitive
1421 4055 1529 4127 facile

373 4171 644 4252 tanoccupare,
676 4156 713 4226 in
744 4154 802 4227 die
834 4155 931 4228 festu
965 4154 1062 4228 beati
1090 4153 1205 4226 lllauri
1239 4166 1379 4228 mutata
1408 4156 1528 4229 subito
1639 4171 1640 4214 t

377 4247 419 4300 ¹5¹
439 4280 462 4346 a)
483 4297 506 4331 e.
528 4280 553 4330 d.
573 4283 744 4348 innomine.
