3352 5026
446 445 494 516 66
648 439 931 515 RYCCARDUS
958 439 1020 512 DE
1046 439 1083 512 S.
1110 439 1338 514 GunnAno

519 641 673 734 Electio‚
691 641 777 711 licet
793 639 955 733 diversa⁷
974 639 1117 714 abbatis
1135 640 1172 711 in
1189 639 1417 712 monasterio
1433 641 1542 714 Casi-

444 742 552 814 nensi
578 741 765 815 celebrata
792 750 863 834 est7
890 739 988 811 inter
1012 765 1106 837 quos
1129 741 1332 812 baudulfus
1358 741 1543 814 Senebal-

442 845 532 914 dus·
551 865 647 914 unus
668 844 714 913 de
733 841 878 936 electis⁷
897 850 1157 936 representata
1175 864 1273 939 pape
1290 841 1474 914 electione
1490 843 1540 914 de

442 942 560 1038 gratia
582 965 788 1014 concessus
809 951 868 1013 est
882 944 1010 1036 abbae,
1030 941 1191 1013 suumin
1208 965 1292 1012 eum
1308 941 1539 1039 imperatore

441 1047 554 1115 dante
583 1067 803 1137 assensum,
838 1051 876 1114 et
900 1041 1056 1113 aliorum
1082 1065 1149 1139 per
1180 1065 1316 1138 papam
1350 1042 1537 1116 electione

441 1154 602 1216 cassata.
1352 1153 1354 1158 ’

517 1244 621 1316 Tunc
656 1244 859 1339 imperator
890 1241 971 1338 ipse
1006 1265 1139 1312 mense
1175 1241 1397 1314 Novembris
1432 1241 1538 1314 venit

439 1344 635 1439 Suessam,
663 1354 700 1414 et
724 1343 810 1416 inde
829 1343 1001 1415 Gaietam
1021 1365 1063 1414 se
1083 1343 1239 1438 confert,
1267 1345 1368 1414 etde
1389 1343 1535 1415 eisdem

436 1445 632 1542 'gressibus
649 1446 816 1541 Capuam
832 1443 939 1536 redit,
958 1441 1031 1537 obi,
1050 1444 1097 1513 ad
1110 1443 1535 1539 sudmeucusationenr7

435 1549 484 1618 ad
510 1547 609 1618 orbis
634 1543 822 1642 principes
843 1555 880 1615 et
898 1545 935 1616 in
953 1541 1214 1614 Alamanniam
1241 1543 1384 1616 litteras
1409 1543 1533 1635 mittit,

438 1647 569 1744 quibus
590 1642 776 1742 significat
795 1644 863 1739 eis,
882 1646 979 1741 quod
999 1645 1043 1714 ad
1060 1643 1258 1716 transitum
1275 1654 1429 1743 paratus
1445 1669 1530 1716 cum

436 1756 554 1842 esset
582 1743 873 1842 superveniente
896 1743 1104 1840 egritudine
1122 1744 1282 1818 transire
1302 1769 1377 1816 non
1396 1745 1531 1842 potuit3
1668 1757 1672 1776 ‘

295 1922 300 1930 ,
437 1847 535 1944 quod
563 1869 647 1918 cum
676 1844 826 1916 domino
854 1867 952 1942 pape
980 1843 1062 1941 ipse
1082 1868 1149 1942 per
1167 1867 1258 1917 suos
1277 1845 1427 1918 nuntios
1447 1845 1530 1917 inti·

435 1956 569 2042 maret,
590 1970 675 2018 curn
694 1945 810 2017 nollet
828 1967 943 2042 super
961 1945 1032 2016 hoc
1048 1945 1128 2017 eius
1143 1945 1281 2018 nuntiis
1296 1944 1410 2018 fidem
1425 1950 1529 2040 dare,

435 2057 564 2120 contra
592 2071 634 2119 se
663 2055 903 2144 processerat
929 2069 996 2142 pro
1025 2057 1126 2117 motu
1146 2048 1295 2144 proprie
1313 2047 1529 2120 voluntatis.

435 2148 585 2220 interim
612 2171 745 2218 omnes
765 2148 872 2243 regni
891 2147 948 2218 sui
968 2146 1125 2218 comites
1146 2147 1312 2244 Capuam
1333 2161 1528 2242 convocat,

432 2249 556 2346 ibique
584 2248 679 2320 rexit
706 2247 846 2320 curiam
866 2247 1101 2344 generalem,
1128 2257 1300 2321 statuens
1326 2260 1365 2321 ut
1389 2249 1525 2344 singuli

432 2349 628 2423 feudatarii
661 2351 793 2420 darent
818 2351 865 2420 de
893 2371 1119 2444 unoquoque
1145 2349 1255 2420 feudo
1282 2361 1366 2421 octo
1394 2349 1524 2423 uncias

433 2451 525 2545 auri,
545 2460 583 2522 et
602 2453 647 2522 de
668 2448 825 2545 singulis
846 2459 929 2520 octo
949 2449 1070 2520 feudis
1086 2449 1241 2521 militem
1258 2474 1372 2522 unum
1388 2450 1424 2521 in
1441 2475 1523 2548 pro·

432 2551 532 2622 ximo
552 2551 675 2622 futuro
695 2573 828 2622 mense
847 2549 947 2643 Maii,
966 2549 1001 2619 in
1023 2573 1095 2646 quo
1116 2553 1160 2621 ad
1176 2560 1276 2622 terre
1292 2562 1422 2624 sancte
1439 2556 1523 2624 sub·

433 2651 566 2724 sidium
594 2651 840 2722 transfretare
859 2649 1031 2748 disponit.
1079 2650 1321 2748 Solempnem
1347 2675 1437 2723 vero
1462 2676 1523 2724 cu·

431 2752 524 2824 riam
545 2754 643 2850 apud
658 2752 876 2824 Ravennam
897 2751 1026 2823 statuit
1044 2775 1178 2824 mense
1193 2752 1312 2824 lllartii
1333 2753 1522 2828 celebran-

431 2856 527 2924 dam.
568 2853 673 2925 Tunc
692 2851 914 2948 prudentem
933 2851 1052 2923 virum
1073 2853 1296 2948 magistrum
1317 2853 1522 2926 lloffridum

429 2956 476 3026 de
491 2953 708 3027 Benevento
729 2950 837 3022 mittit
854 2954 897 3022 ad
913 2952 1051 3023 Urbem
1067 2975 1151 3023 cum
1168 2954 1413 3027 excusatoriis
1430 2956 1520 3050 soie,

430 3078 523 3150 quas
542 3053 641 3124 idem
661 3053 844 3148 magister
856 3051 1003 3149 publice
1015 3051 1093 3149 legi
1107 3053 1197 3125 lecit
1209 3054 1245 3126 in
1262 3055 1457 3153 Capitolio,
1474 3059 1520 3129 de

428 3153 620 3225 voluntate
640 3162 795 3225 senatus
814 3151 1016 3252 populique
1035 3153 1203 3227 Romani.

503 3253 636 3325 Mense
659 3253 878 3326 Decembris
904 3253 1108 3326 Landulfus
1136 3254 1370 3329 Senebaldus
1395 3256 1432 3327 in
1457 3259 1517 3330 ab·

428 3357 552 3426 batem
581 3353 830 3427 Casinensem
859 3353 1001 3427 electus
1031 3358 1076 3428 ad
1105 3379 1241 3453 papam
1270 3356 1386 3452 vadit⁷
1414 3367 1452 3428 et
1481 3357 1517 3428 in

425 3465 585 3550 quatuor
608 3455 838 3553 temporibus
868 3455 1003 3528 natalis
1022 3456 1168 3527 Domini
1189 3460 1234 3530 ab
1255 3481 1299 3529 eo
1320 3457 1517 3530 sacerdotii

425 3579 562 3628 munus
593 3556 749 3654 accepit.
801 3557 846 3628 Et
875 3578 961 3626 cum
989 3556 1210 3654 ecquidem
1239 3558 1445 3654 Gregorius
1471 3561 1517 3630 de

421 3657 669 3730 ¹Carboncello
685 3655 903 3730 Casinensis
923 3658 1131 3731 monachus
1147 3657 1183 3730 in
1197 3662 1372 3732 abbatem
1386 3660 1516 3731 Terre·

424 3757 576 3829 maioris
596 3767 790 3854 promotus
810 3766 881 3852 est,
901 3781 986 3828 cum
1001 3757 1134 3855 quibus
1149 3761 1222 3832 duo
1238 3783 1283 3831 ex
1299 3771 1404 3857 parte
1418 3783 1515 3858 pape

423 3857 548 3930 nuncii
568 3857 723 3929 veniunt
741 3860 786 3930 ad
806 3881 977 3930 cesarem
998 3860 1221 3955 cardinales,
1245 3861 1428 3957 magister
1447 3860 1516 3934 sci·

422 3957 509 4032 licet
527 3959 693 4030 Thomas
711 3957 806 4030 tituli
825 3957 962 4031 Sancte
982 3959 1120 4033 Sabine
1139 3964 1347 4057 presbyter,
1376 3973 1414 4034 et
1437 3986 1515 4034 ma-

424 4059 544 4155 gister
561 4059 665 4131 Oddo
685 4059 810 4132 Sancti
829 4059 980 4152 Nycolai
1006 4061 1043 4132 in
1063 4084 1215 4132 carcere
1234 4061 1404 4134 Tulliano
1429 4067 1515 4157 dya-

424 4182 541 4232 conus
569 4159 789 4232 cardinales.
843 4161 887 4231 Et
905 4171 994 4232 tunc
1014 4185 1098 4233 cum
1118 4160 1172 4234 eis
1193 4161 1381 4235 celebrato
1401 4163 1513 4236 natali

421 4281 445 4348 a)
465 4281 583 4334 senebal.
604 4297 625 4333 c.
