3352 5026
624 392 662 513 A.
694 442 800 515 1229
1213 443 1262 516 aa
1327 471 1330 476 ·

170 647 453 737 succumberet
481 638 780 737 suppellectilem
808 662 915 710 suam
942 605 980 711 et
1005 663 1153 738 queque
1182 667 1263 740 pre·

168 747 262 817 tiosa
279 749 323 817 ad
339 745 422 815 loca
437 741 704 814 trwanstulerant
721 738 868 810 tutiora
903 739 1007 812 Tunc
1026 765 1094 837 per
1111 743 1261 817 biduum

170 846 206 916 in
223 846 361 918 Sancto
377 843 566 915 Germano
586 865 730 912 moram
750 840 975 936 protrahens
995 842 1139 955 papalis
1159 868 1264 916 exer·

171 945 287 1037 citus,
322 945 510 1015 frumento
545 943 631 1014 vino
667 951 705 1012 et
740 939 823 1012 aliis
857 942 1085 1015 necessariis
1118 945 1264 1018 munire

171 1069 321 1116 roccam
348 1043 489 1116 laniet
516 1043 724 1116 Casinense
756 1042 1027 1115 monasterium
1057 1043 1264 1142 cogitabat3

172 1155 232 1218 set
257 1145 490 1216 acceleratus
518 1167 584 1240 per
608 1141 759 1214 nuntios
779 1141 905 1215 Sancti
926 1143 1103 1215 Germani
1127 1149 1173 1218 ad
1193 1157 1264 1220 ter-

172 1269 253 1318 ram
268 1245 388 1341 ipsam
405 1254 582 1342 properat
595 1243 815 1340 imperator5
830 1245 1148 1357 moxquepapalis
1161 1271 1265 1320 exer-

172 1347 267 1418 citus
287 1346 504 1457 dissolutus⁷
531 1348 577 1417 de
596 1343 734 1416 Sancto
754 1342 942 1415 Germano
962 1346 1105 1440 exiens,
1129 1372 1265 1442 gressu

174 1457 329 1544 prepete
349 1445 386 1516 in
406 1444 650 1542 Campaniam
671 1453 730 1516 est
748 1466 937 1517 reversos,

248 1547 291 1618 Et
310 1557 398 1617 tunc
418 1556 540 1616 metus
560 1569 675 1616 causa
695 1543 756 1640 qui
773 1543 809 1616 in
826 1543 961 1638 Casino
976 1544 1103 1616 statuti
1119 1547 1269 1620 fuerant

174 1646 265 1718 etin
286 1670 394 1716 rocca
410 1646 536 1717 lanule
557 1646 781 1739 servientes,
800 1643 993 1717 dimissis
985 1645 1076 1760 ipsis
1097 1647 1267 1720 munitio·

174 1747 281 1820 nibus
301 1755 553 1818 recesserunt.
594 1744 688 1819 Set
679 1769 716 1816 m
736 1745 872 1819 Casino
893 1768 935 1818 se
954 1744 1141 1842 recipiens
1159 1749 1267 1822 Alba-

175 1847 305 1920 nensis
330 1848 545 1944 episcopus,
573 1847 692 1919 redire
716 1848 760 1917 ad
782 1845 1052 1919 monasterium
1074 1847 1210 1922 milites
1231 1861 1268 1922 et

175 1949 385 2021 servientes
406 1947 539 2060 coegit
1290 1969 1295 1972 ·

249 2050 353 2120 Tunc
376 2073 461 2120 cum
481 2049 562 2144 ipso
582 2047 707 2143 legato
726 2047 860 2142 Aquini
880 2057 916 2119 et
934 1996 1080 2144 aliphie
1100 2049 1286 2148 episcopi¹

175 2152 427 2222 ascenderunt
454 2148 652 2240 Casinum
685 2146 783 2218 etin
812 2147 952 2220 Sancto
980 2149 1168 2221 Germano
1201 2175 1270 2247 per

175 2249 299 2346 ipsum
318 2249 485 2344 legatum
505 2201 731 2344 prohibitum
751 2258 809 2319 est
829 2248 1008 2320 celebrari
1028 2249 1162 2321 divina.
1202 2252 1269 2325 Ce-

176 2350 245 2422 teri
271 2372 361 2420 vero
387 2349 519 2444 prelati
548 2348 608 2444 qui
634 2357 830 2421 cesserant
856 2348 892 2419 in
918 2359 1065 2446 partem
1094 2350 1270 2446 ecclesie,

176 2451 334 2522 Romam
355 2473 396 2521 se
417 2449 664 2520 contulerunt

255 2549 489 2646 lmper'ator
481 2573 564 2646 rpse
583 2559 673 2645 aput
686 2548 866 2621 Sanctum
882 2549 1065 2622 Thomam
1085 2553 1131 2622 de
1146 2501 1268 2626 Strata

178 2675 245 2722 sua
266 2662 388 2722 castra
410 2674 554 2748 ponens
573 2649 682 2721 tertio
697 2649 789 2722 Non
809 2649 995 2744 Octobris,
1016 2650 1139 2723 villam
1155 2653 1270 2726 Pede-

177 2751 315 2822 moutis
343 2775 415 2847 que
444 2751 576 2822 dicitur
600 2749 737 2822 Sancte
759 2748 893 2844 Lucia,
926 2751 1005 2823 suis
1033 2751 1166 2823 dedit
1157 2777 1193 2823 rn
1220 2753 1271 2826 di-

178 2851 388 2948 reptionem
409 2862 445 2924 et
465 2854 629 2948 predam.
662 2851 835 2924 Castrum
851 2851 1090 2924 Pedemontis
1110 2853 1270 2927 dominis

129 2980 135 2990 ‘
177 2950 309 3049 Aquini
331 2952 527 3024 concessit.

252 3054 355 3125 Tunc
392 3052 554 3125 ecclesia
587 3051 706 3124 sancti
737 3051 890 3124 Matthei
923 3076 1118 3124 servorum
1150 3052 1217 3126 Dei
1250 3077 1270 3125 a

179 3153 397 3227 Sarracenis
418 3154 479 3251 qui
499 3164 606 3226 erant
624 3153 659 3225 iu
680 3153 845 3225 exercitu
863 3153 1059 3251 imperiali,
1087 3153 1194 3227 bonis
1214 3164 1273 3227 est

179 3255 337 3353 propriis
358 3254 529 3352 spoliata⁷
550 3278 616 3350 pre
636 3253 769 3334 timore
789 3253 918 3350 paucis
938 3264 1003 3326 aut
1021 3252 1132 3326 nullis
1152 3277 1273 3326 rema·

180 3356 354 3427 uentibus
373 3354 410 3424 in
430 3357 574 3425 eadem.

255 3455 358 3525 Tunc
368 3452 480 3524 etiam
490 3451 629 3522 vallum
641 3451 858 3525 casinensis
872 3450 1086 3524 monasterii
1100 3461 1273 3522 estman-

180 3556 266 3625 dato
303 3550 444 3624 cesaris
480 3551 568 3623 hinc
602 3550 687 3624 inde
720 3550 863 3623 fortiter
892 3550 1174 3648 impugnatum,
1215 3562 1274 3624 set

181 3662 412 3750 pugnatores
432 3674 502 3724 nec
521 3651 558 3723 in
577 3651 700 3748 aliquo
719 3651 970 3750 profecerunt.
1012 3651 1102 3724 llluc
1122 3650 1273 3724 venien·

181 3765 240 3826 tes
267 3777 311 3823 ex
339 3761 445 3866 parte
473 3751 632 3824 civitatis
651 3751 795 3825 Suessa
821 3752 930 3824 iudex
950 3752 1122 3849 Taddeus
1143 3763 1180 3824 et
1198 3752 1273 3848 atii,

182 3853 370 3927 civitatem
397 3851 519 3950 ipsam
546 3853 666 3925 cesari
692 3833 942 3948 1¹‚eddiderunt
970 3855 1015 3925 ad
1042 3877 1155 3966 quam
1181 3854 1273 3926 reci

180 3956 370 4068 piendam,
396 3977 579 4026 concesso
599 3953 653 4026 eis
673 3953 867 4052 privilegio
888 3956 984 4051 quod
1004 3978 1071 4050 pro
1092 3952 1273 4026 universi-

181 4067 258 4130 tate
276 4055 475 4153 petierant
503 4054 676 4128 continuo
696 4053 818 4151 dirigit
836 4054 1049 4151 imperator.

256 4157 361 4230 Tunc
385 4155 670 4230 Presentianum
698 4178 807 4227 rocca
832 4154 969 4228 Bantre
988 4153 1119 4228 Sernia
1147 4163 1183 4226 et
1201 4152 1274 4225 Ali·

183 4254 269 4353 plaia
296 4261 340 4330 ad
368 4260 585 4331 mandatum
611 4256 751 4328 cesaris
778 4254 977 4328 redierunt.
1031 4253 1209 4329 Similiter
1237 4261 1275 4326 et
1366 4283 1369 4288 ¹
