3326 5022
550 383 591 456 A.
624 383 729 456 1220.
761 385 865 458 1121.
1209 387 1255 458 47
1304 461 1308 468 ,

163 609 252 658 num
279 589 324 658 de
352 607 449 654 novo
475 582 621 654 firmata
649 582 817 676 diruitur,
844 583 944 659 iuxta
971 582 1108 656 editam
1128 587 1255 682 Capue

162 685 468 796 constitutionem
489 685 534 754 de
556 683 661 754 novis
682 679 836 754 edificiis
856 683 1055 754 diruendis.
1207 679 1213 686 ’

146 783 148 788 ’
237 785 418 860 Celanum
445 783 662 880 imperatori
690 806 732 855 se
760 783 935 886 reddidit⁷
970 783 1191 880 quibusdam
1217 785 1253 855 in

160 885 251 956 turri
270 884 399 958 Celani
419 893 456 954 et
475 883 510 954 in
531 883 688 956 Obinulo
719 905 762 956 se
788 886 833 955 ad
861 881 1079 956 fidelitatem
1108 883 1253 956 comitis

80 1036 84 1042 -
160 985 293 1056 blolisii
318 983 602 1080 recipientibus3
629 995 783 1082 propter
808 986 903 1081 quod
930 985 1162 1060 Celanenses
1188 984 1254 1056 im·

162 1083 344 1182 peratoris
363 1093 517 1178 gentem
537 1084 573 1156 in
600 1109 712 1158 suum
740 1108 963 1156 succursum
991 1095 1139 1180 vocant,
1167 1110 1252 1162 cum

158 1209 232 1282 qua
250 1185 381 1256 turrim
401 1184 523 1281 ipsam
542 1185 809 1282 aggredientes
829 1184 995 1280 viriliter,
1016 1209 1100 1257 eam
1116 1209 1252 1283 capere

158 1285 418 1384 nequiverunt.

231 1387 440 1483 imperator
458 1383 595 1458 ceteris
613 1387 659 1456 de
674 1407 791 1481 regno
807 1383 874 1458 sibi
891 1384 984 1456 colla
1000 1382 1251 1479 flectentibus,

157 1510 226 1582 per
251 1485 424 1583 Apuliam
453 1495 490 1556 et
515 1484 723 1559 Calabriam
748 1485 819 1557 iter
843 1485 1002 1580 habens,
1031 1483 1189 1556 feliciter
1212 1485 1248 1555 in

154 1586 319 1659 Siciliam
335 1586 564 1681 transfretat,
581 1595 617 1656 et
632 1587 807 1657 Messana
822 1609 962 1682 regens
978 1585 1119 1657 curiam
1135 1608 1249 1681 gene·

155 1687 287 1781 ratem,
307 1689 488 1784 quasdam
509 1685 556 1758 ibi
574 1685 703 1774 statuit
717 1685 874 1759 aseisias
890 1687 1147 1759 observandas
1162 1709 1248 1758 oon·
1300 1707 1304 1715 ·

153 1798 210 1859 tra
225 1787 373 1859 lusores
389 1785 599 1858 taxillorum
612 1787 826 1859 etalearum
840 1811 977 1858 nomen
990 1786 1138 1859 Domini
1151 1787 1247 1859 blas-

152 1888 393 1985 phemantes,
422 1897 550 1958 contra
569 1887 716 1982 ludeos7
741 1881 780 1959 ut¹
798 1887 835 1959 in
855 1887 1064 1960 differentia
1084 1889 1246 1960 vestium
1343 1898 1347 1904 '
1377 1903 1380 1909 ·

152 1997 191 2060 et
209 1999 405 2085 gestorum
424 2012 445 2058 a
461 1987 675 2060 christianis
690 1987 963 2080 discernantun
983 1998 1110 2059 eontra
1127 2011 1247 2060 mere-

151 2088 265 2162 trices
285 2099 325 2161 ut
344 2112 429 2160 cnm
449 2087 620 2160 honestis
640 2087 856 2160 mulieribus
875 2090 921 2160 ad
941 2087 1073 2160 balnea
1095 2113 1167 2159 non
1181 2113 1246 2160 ae-

152 2193 288 2263 cedant
319 2199 356 2261 et
387 2199 426 2259 ut
458 2211 587 2260 earum
614 2187 791 2260 habitatio
820 2211 894 2258 non
923 2188 972 2258 sit
998 2187 1093 2259 infra
1120 2189 1245 2260 menia

152 2289 355 2377 civitatumq
384 2299 513 2359 contra
540 2287 766 2364 ioculatores
792 2287 1040 2385 obloquentes
1065 2299 1105 2359 ut
1126 2289 1243 2385 quiin

151 2389 324 2486 personis
351 2399 415 2460 aut
441 2391 552 2460 rebus
580 2387 662 2460 illos
689 2387 900 2484 offenderit⁷
928 2412 1062 2484 pacem
1091 2413 1165 2461 uon
1192 2399 1245 2460 te-

150 2500 285 2562 neatur
302 2488 534 2587 imperialem
555 2489 771 2586 infringere.
824 2514 827 2518 ·

228 2591 308 2661 lloc
334 2613 433 2661 anno
464 2589 643 2660 vicesima
672 2613 693 2660 a
718 2587 893 2686 personis
914 2587 1194 2682 ecclesiasticis7
1222 2613 1243 2660 a

118 2689 265 2784 laycis
294 2713 382 2761 vero
412 2689 556 2761 decima
584 2713 652 2786 pro
684 2689 848 2761 subsidio
881 2699 980 2760 terre
1013 2699 1143 2760 sancte
1174 2711 1243 2786 per
1311 2745 1313 2750 .
1380 2694 1383 2740 ;
1517 2692 1518 2695 ’

149 2799 267 2863 totum
288 2815 448 2887 regnum
469 2789 666 2886 colligitur7
694 2800 730 2862 et
756 2812 825 2886 per
850 2788 1082 2860 Gualterium
1110 2791 1156 2860 de
1177 2789 1243 2860 Pa·
1273 2822 1279 2840 ιη

148 2891 266 2964 learia
285 2891 391 2988 regni
412 2889 689 2984 cancellarium,
710 2900 747 2962 et
764 2913 834 2987 per
847 2888 1049 2962 Henrieum
1070 2891 1115 2961 de
1129 2889 1239 2960 Malta
1324 2899 1338 2925 ⁸

148 2992 338 3086 comitem„
358 2990 489 3063 marini
505 2991 602 3063 stolii
618 2989 871 3083 ammiratum7
890 2989 1012 3088 ipsam
1027 2989 1237 3062 Damiatam
1308 3021 1326 3042 ν

147 3093 377 3188 transmittit,
395 3091 483 3164 licet
501 3103 590 3164 tunc
603 3091 783 3189 temporis
799 3092 981 3165 ammissa
996 3089 1106 3163 luerit
1122 3089 1239 3186 culpis

147 3191 382 3290 exigentibus
402 3193 583 3264 Damiata.
637 3193 793 3288 Propter
821 3196 918 3289 quod
946 3193 1029 3289 ipse
1057 3189 1239 3263 cancella·

147 3294 224 3365 rius
250 3294 342 3365 iram
372 3293 609 3391 imperatoris
642 3305 834 3386 metuens7
869 3315 912 3363 se
943 3291 1119 3363 Venetias
1152 3313 1238 3360 eon-

145 3393 240 3486 tulit,
269 3404 305 3464 et
324 3393 443 3466 dietus
463 3417 592 3464 comes
611 3392 705 3464 redit
724 3383 954 3487 inllegnum,
977 3391 1038 3488 qui
1057 3394 1102 3462 ab
1122 3389 1239 3485 impe·

18 3551 21 3557 .
146 3502 269 3563 ratore
290 3505 422 3589 captus
442 3504 513 3586 est⁷
532 3503 570 3564 et
585 3502 725 3565 terram
747 3515 858 3588 quam
878 3495 1042 3585 tenebat⁷
1061 3488 1238 3582 ammisit,

146 3614 211 3661 rex
237 3615 347 3683 vero,
379 3593 591 3687 patriarcba
618 3591 986 3685 iherosolimitantrS‚
1012 3589 1237 3663 Albanensis

146 3690 361 3789 episeopus,
389 3701 426 3762 et
453 3691 566 3763 ceteri
594 3692 715 3789 quiin
742 3692 839 3766 bello
863 3693 1011 3764 fuerant
1030 3689 1237 3784 christiani,

144 3796 214 3865 sub
230 3815 364 3864 securo
380 3790 524 3864 soldani
539 3793 723 3864 conductu
739 3795 784 3864 ad
795 3793 1062 3865 Accouitanam
1078 3793 1238 3863 redeunt

144 3892 344 3965 civitatem.
397 3893 501 3964 Hane
519 3890 631 3988 igitur
648 3902 791 3964 tantam
812 3903 944 3965 ettam
964 3915 1118 3989 gravem
1140 3891 1234 3962 chri-

143 3993 350 4067 stianorum
378 3992 549 4064 iniuriam
578 4003 614 4063 et
633 3993 803 4064 Damiate
823 3993 1127 4085 ammissionemp
1148 3991 1235 4063 duxi

142 4120 213 4190 ego
234 4093 400 4165 notarius
420 4094 632 4186 Ryoeardus
660 4093 770 4164 liuius
796 4093 920 4190 operis
940 4104 1045 4166 actor
1063 4092 1233 4164 rithmice

141 4196 427 4290 deplorandam:
