3326 5022
435 426 474 486 Vl
844 425 1118 500 PRAEFATIO.

434 626 623 719 sincerum,
641 628 703 696 uni
721 627 861 697 ueritati
879 626 1060 698 addictum
1076 628 1212 697 etiuter
1225 629 1369 720 neqotio
1379 627 1526 721 publica

434 732 615 798 versatum
639 725 809 820 proluat,
837 729 963 822 quique
989 725 1171 798 Fricterico
1198 729 1409 820 imperatori
1433 749 1526 799 sum·

434 827 569 920 misque
594 827 866 920 maqistrotibus
893 849 1005 920 aeque
1036 851 1080 897 ac
1109 827 1283 920 praelatis
1312 830 1524 920 praesertim

436 927 687 998 Casineasibus
705 927 790 997 bene
808 933 924 1020 aolus,
949 928 1052 1012 tacta
1069 927 1136 997 sibi
1153 929 1299 1022 coquito
1319 927 1452 1022 absque
1469 930 1526 998 ira
1616 968 1625 974 -

436 1031 470 1097 et
495 1027 612 1098 studio
641 1029 811 1120 esposuit.
860 1027 1113 1120 Fraqmentum
1139 1029 1269 1120 reqesti
1285 1029 1525 1120 imperatoris,

436 1127 532 1220 quod
557 1149 665 1198 unum
690 1132 867 1220 superest,
897 1125 1126 1219 chcarslum
1157 1149 1253 1197 auno
1285 1129 1380 1200 1240
1410 1124 1527 1198 meuse
1612 1191 1613 1196 ,

437 1225 571 1298 Martio
598 1229 850 1320 imperatorem
876 1249 956 1296 cuae
983 1227 1136 1297 coercita
1159 1227 1415 1318 patrimonium
1433 1226 1528 1298 Petri

436 1327 660 1398 invadentem
685 1329 904 1418 comitatum,
932 1327 1006 1396 eius
1029 1328 1127 1398 iussu
1146 1325 1266 1396 Monte
1283 1325 1362 1398 Allo
1387 1327 1446 1398 ubi
1471 1327 1528 1412 cle,-

436 1427 544 1520 qebat
571 1427 723 1498 Romam
750 1427 854 1497 ivisse
882 1430 987 1520 atque
1019 1449 1042 1496 a
1072 1427 1331 1498 mercatoribus
1356 1426 1529 1498 Romanis

433 1529 623 1619 pecuniam
641 1549 708 1618 pro
727 1525 986 1598 imminentibus
999 1525 1122 1596 curiae
1135 1527 1287 1598 seruitiis
1301 1525 1530 1624 assequendis

437 1628 679 1698 necessariam
698 1629 915 1719 nepotiatum
933 1627 1055 1719 fuisse,
1075 1631 1110 1696 et
1125 1627 1266 1722 nepotio
1282 1627 1443 1712 confecia
1461 1651 1528 1722 pro

439 1725 638 1818 recipiendo
658 1749 750 1796 auro
770 1726 1029 1796 mercatoribus
1048 1725 1163 1797 debito
1184 1722 1235 1798 act
1248 1723 1466 1798 bichardum
1487 1725 1530 1798 de
1557 1723 1559 1726 ’

439 1823 664 1920 Monteniqro
691 1827 918 1896 iustitiarium
948 1825 1078 1896 Terrae
1103 1827 1255 1898 Laboris
1283 1831 1318 1896 ct
1341 1827 1530 1897 comitatus

440 1921 570 1998 Molisii
589 1921 793 2018 obleqotam
811 1927 921 2011 fuisse
946 1923 1082 1997 docet2.
1132 1927 1307 1999 Gamerae
1333 1927 1441 2020 iqitur
1467 1927 1530 1996 im·

437 2027 567 2119 periali
585 2025 787 2120 adscriptus
800 2027 916 2110 luerit.
952 2023 1086 2114 Quodsi
1098 2027 1239 2120 intepra
1254 2033 1395 2120 reqesta
1408 2023 1530 2097 Fricle-

440 2127 506 2197 rici
522 2125 567 2196 ll.
586 2130 819 2218 superessent,
841 2129 1063 2220 ueqotiorum
1083 2125 1129 2196 ab
1149 2149 1189 2198 eo
1203 2133 1436 2218 peractorum
1456 2127 1531 2198 sine
1633 2215 1634 2220 Ἰ

441 2222 547 2297 dubio
568 2225 726 2320 amplam
746 2228 906 2297 notitiam
922 2227 1088 2321 consequi
1105 2225 1234 2298 liceret.
1266 2225 1352 2298 Loci
1366 2249 1434 2322 quo
1449 2249 1532 2298 con·

441 2328 582 2398 stitutus
610 2332 688 2396 erat
712 2331 827 2419 testes,
855 2327 948 2420 lepos
976 2327 1115 2398 ossisae
1140 2333 1174 2398 et
1190 2326 1360 2420 epistolae
1378 2327 1551 2420 impera-¹
1633 2321 1634 2350 ³

442 2430 530 2498 toris
557 2429 590 2496 et
614 2447 735 2518 papae
762 2423 851 2498 libro
879 2429 1034 2497 insertae
1060 2425 1202 2497 ccclsuul.
1254 2424 1334 2520 lpse
1351 2433 1470 2498 tamea
1490 2427 1533 2498 cle

443 2525 592 2621 neqotiis
604 2527 676 2598 -sibi
694 2527 892 2598 commissis
910 2527 995 2597 nibil
1012 2525 1135 2620 tradit,
1156 2534 1188 2598 et
1205 2551 1277 2597 uuo
1296 2533 1433 2598 tantum
1453 2525 1531 2597 loco

441 2627 578 2715 fidelem
606 2625 815 2720 imperatori
843 2629 999 2698 animum
1025 2627 1069 2710 ob
1095 2627 1301 2698 coenobium
1316 2649 1439 2721 popae
1458 2633 1533 2698 tra·

443 2727 552 2800 clitum
573 2725 792 2799 veliementer
809 2727 1032 2822 indiqnatum
1046 2725 1201 2822 proclit3.
1233 2729 1273 2798 ln
1288 2725 1533 2820 componendo
1633 2821 1634 2824 Ἴ

443 2847 549 2922 opere
566 2849 630 2921 per
648 2833 701 2901 tol
718 2851 834 2902 annos
846 2851 1076 2921 propensus,
1101 2829 1137 2897 in
1155 2830 1354 2897 universum
1373 2827 1534 2898 ordinem
1633 2827 1634 2914 q

442 2927 612 3020 temporis
630 2929 795 3018 seruauit,
813 2929 1038 3020 paucissimis
1056 2927 1208 3016 acceptis
1227 2949 1320 3020 quac
1336 2931 1535 2998 retractato

444 3029 498 3101 bis
515 3033 609 3100 terre
627 3027 717 3098 libro
737 3025 863 3100 addita
882 3029 991 3112 fuisse
1010 3027 1180 3098 videntur.

521 3127 648 3200 Sermo
683 3131 718 3199 in
748 3123 974 3200 uniuersum4
1005 3127 1118 3198 brevis
1149 3123 1373 3218 simplicitate
1405 3125 1536 3218 placet,

446 3249 534 3300 raro
563 3225 740 3301 involutus
766 3233 800 3299 et
825 3225 1076 3316 subobscurus,
1103 3247 1359 3319 nonuunquam
1378 3226 1538 3296 uersibus

396 3349 398 3352 ·
444 3327 692 3422 interspersis⁶
710 3335 869 3402 ornatus.
901 3325 1127 3422 chcar·clum
1146 3325 1333 3396 Musarum
1353 3325 1461 3398 cultui
1479 3321 1539 3396 cle·

447 3429 557 3500 clitum
586 3435 658 3502 turn
684 3451 829 3502 carmen
857 3451 926 3524 quo
952 3429 1078 3499 librum
1107 3423 1253 3496 inchoat
1277 3431 1439 3520 testatur,
1466 3449 1538 3496 ure-

447 3531 585 3602 morlae
610 3529 779 3604 Wilbelmi
796 3527 880 3600 boni
897 3525 1040 3600 Siciliae
1058 3527 1152 3620 repis
1174 3531 1434 3618 consecratum,
1462 3531 1544 3598 tum

365 3681 366 3684 ,
449 3630 599 3702 alterum
625 3633 783 3716 tortasse
810 3627 900 3699 libro
927 3625 1091 3698 absoluto
1118 3627 1154 3696 iu
1178 3631 1334 3698 entrcmo
1359 3629 1452 3698 oilae
1470 3633 1540 3698 ter-

448 3731 543 3802 mino
573 3729 624 3801 ad
650 3729 816 3800 abbatem
836 3733 871 3798 et
885 3729 1021 3812 fratres
1040 3727 1247 3799 Casinenscs
1267 3725 1310 3798 cle
1327 3728 1454 3798 morbo
1472 3750 1540 3798 suo

450 3829 631 3920 directum,
660 3825 756 3923 quod
781 3851 824 3898 ec
851 3824 922 3899 alio
950 3827 1069 3899 codice
1090 3827 1274 3900 Casiueasi
1299 3827 1446 3900 Gallula
1471 3827 1543 3899 luci

451 3931 557 4022 dedit,
585 3935 617 3999 et
635 3929 733 4014 iufra
754 3935 908 4022 repetere
926 3929 1070 4001 iuvabit.
1414 3936 1415 3940 ’

450 4080 480 4164 2)
495 4080 740 4144 Constitutiones
754 4102 860 4162 rogum
877 4082 965 4163 segni
978 4081 1138 4163 utriusque
1151 4079 1283 4144 Siciliae.
1306 4081 1436 4159 Neapoli
1451 4079 1544 4143 1786.

453 4185 521 4244 pag.
544 4166 615 4240 365,
638 4167 709 4238 373,
731 4167 803 4230 374.
866 4168 896 4242 3)
920 4187 948 4230 a.
973 4167 1063 4230 1229.
1127 4163 1157 4244 4)
1175 4172 1305 4242 excepta
1323 4174 1425 4226 tamen
1445 4183 1566 4244 prae-.

452 4247 572 4314 lotione
595 4257 625 4310 et
648 4271 675 4309 a.
701 4251 790 4313 1212.
876 4250 905 4331 5)
930 4269 957 4314 a.
980 4249 1069 4321 1216,
1095 4247 1186 4324 1221,
1213 4248 1301 4320 1223,
1326 4248 1417 4312 1236.
