3352 5026
457 437 526 508 152
655 433 936 508 RYCCARDUS
963 435 1025 506 DE
1051 433 1086 506 S.
1116 433 1344 507 GERMANO

452 635 635 728 tempniter
659 632 887 727 celebrantes,
915 637 1074 705 animum
1101 637 1174 707 eius
1199 657 1278 706 curn
1296 635 1546 706 decantatione

452 736 645 806 missarum
672 739 705 803 et
728 733 808 804 aliis
832 733 1077 806 ecclesiasticis
1094 737 1332 805 sacramentis
1351 734 1465 805 divine
1484 737 1547 804 mi·

451 833 645 906 sericordie
672 833 965 927 recommendant,
992 835 1189 918 manifestis
1207 835 1345 906 iudiciis
1364 835 1547 906 ostenden·

452 941 536 1027 tes·,
556 933 652 1028 quod
669 935 760 1004 sicut
772 935 807 1004 in
821 933 1037 1027 paudiorum
1053 941 1259 1006 nostrorum
1273 935 1437 1028 tripudiis
1451 935 1546 1004 enud-

452 1041 532 1106 tant
548 1033 730 1127 hylariter,
757 1035 808 1105 sic
830 1039 863 1103 et
880 1033 1063 1106 doloribus
1082 1037 1213 1105 nostris
1231 1035 1421 1106 condolere
1438 1034 1544 1122 fideli-

451 1140 505 1206 ter
524 1133 720 1204 uideantur.
756 1133 840 1203 Dat.
862 1142 931 1204 etc.

527 1234 659 1305 Mense
677 1232 799 1303 Martii
818 1232 1002 1305 iustitiarii
1020 1234 1153 1306 remoti
1173 1257 1195 1304 a
1214 1235 1292 1307 suis
1308 1232 1441 1307 officiis
1457 1247 1547 1332 aput
1650 1251 1651 1272 ³

452 1333 607 1430 Fogiam
627 1337 672 1407 ab
691 1333 917 1430 imperatore
936 1345 1135 1430 vocantur,
1164 1345 1201 1406 et
1224 1345 1312 1407 tunc
1331 1336 1545 1429 Ryccardus
1650 1353 1651 1432 g

453 1437 499 1507 de
519 1435 643 1505 Monte
662 1435 835 1529 Fussala,
863 1434 923 1530 qui
944 1435 1064 1506 luerat
1083 1434 1302 1508 iustitiarius
1323 1436 1545 1532 Capitinate,

454 1534 599 1632 cogitur
613 1536 769 1606 reddere
785 1533 982 1632 rationem,
1002 1546 1131 1608 ettam
1148 1547 1276 1608 contra
1291 1537 1415 1632 ipsum
1432 1563 1545 1635 quam

454 1646 583 1708 contra
603 1635 694 1707 alios
714 1633 756 1706 fit
773 1635 975 1732 inquisitio,
1002 1635 1230 1734 imperatore
1249 1639 1463 1710 mandante.

529 1738 582 1809 Eo
602 1760 735 1808 mense
750 1736 915 1810 Thomas
935 1739 980 1808 de
995 1737 1231 1834 Montenigro
1253 1742 1297 1810 ab
1316 1737 1544 1836 imperatore
1650 1811 1651 1850 ,

455 1835 675 1934 capitaneus
694 1847 784 1932 aput
802 1837 830 1906 Τ
833 1840 925 1930 ybur
943 1835 1121 1932 dirigitur.

528 1937 660 2008 Mense
693 1935 828 2034 Aprilis
861 1938 1103 2009 Prenestinus
1137 1937 1338 2036 episcopus
1372 1951 1409 2010 et
1439 1940 1544 2012 Oddo

428 2037 652 2126 ⁴¹cardinalis
684 2039 729 2108 de
761 2061 878 2133 regno
911 2048 1001 2135 aput
1027 2039 1151 2132 Tybur
1184 2043 1251 2112 sub
1284 2043 1418 2112 ducatu
1451 2042 1545 2134 Dyb·

454 2138 573 2210 boldib
592 2141 637 2210 de
656 2138 834 2233 Dragane
854 2139 1059 2210 mittuntur.

528 2237 744 2311 Brexiensis
765 2237 964 2337 episcopus
981 2249 1017 2310 et
1031 2239 1299 2335 Bergamensis
1320 2241 1463 2314 electus
1484 2266 1545 2312 vo·

455 2339 527 2411 cati
546 2343 591 2413 ab
610 2339 837 2436 imperatore
857 2343 903 2412 de
916 2340 1136 2412 Lombardia
1153 2340 1189 2410 in
1205 2365 1367 2437 regnum.
1379 2341 1546 2437 veniunt,

456 2440 518 2538 qui
542 2450 632 2537 aput
657 2439 837 2513 Sanctum
861 2441 1092 2513 Germanum
1111 2465 1257 2513 moram
1275 2441 1401 2528 lacere
1421 2443 1545 2539 elege—

455 2551 554 2636 runt,
582 2549 825 2637 expectantes
844 2541 979 2614 ibidem
1000 2541 1237 2639 imperatoris
1258 2545 1471 2616 adventurn.

530 2640 660 2713 Mense
675 2641 786 2714 Madii
801 2643 968 2714 Andreas
984 2643 1030 2714 de
1046 2641 1169 2714 Cicala
1187 2643 1293 2739 regni
1314 2645 1546 2742 capitaneuS,

453 2742 560 2814 iussu
580 2741 721 2814 cesaris
742 2753 970 2839 congregato
988 2743 1153 2815 exercitu
1167 2753 1244 2814 tam
1261 2743 1417 2816 militum
1434 2769 1546 2842 quarn

455 2842 688 2916 servientum
713 2845 759 2915 de
784 2867 915 2940 regno,
944 2867 1059 2942 super
1077 2845 1194 2916 Reate
1213 2844 1326 2941 vadit,
1353 2870 1465 2942 quam
1486 2870 1546 2918 ex-

452 2943 571 3015 terius
589 2953 705 3015 totam
726 2946 906 3016 devastat.
956 2946 1038 3018 Dux
1057 2945 1198 3042 Spoleti
1217 2969 1284 3042 pro
1303 2956 1410 3042 parte
1429 2946 1546 3044 impe·

455 3043 589 3114 satoris
610 3067 725 3139 super
742 3044 918 3116 Narniam
938 3045 1050 3140 vadit,
1070 3055 1108 3116 et
1127 3070 1240 3142 quarn
1258 3056 1385 3144 potest
1403 3047 1490 3118 lacit
1508 3047 1545 3118 in

455 3141 936 3216 exterioribusvastitatem.
956 3145 1203 3218 Denariinovi
1215 3149 1349 3219 dantur
1359 3147 1395 3218 in
1407 3147 1545 3221 Sancto

454 3244 654 3317 Germano.

530 3343 686 3417 Romani
712 3369 827 3444 super
854 3346 977 3440 Tybur
998 3350 1158 3444 vadunt,
1186 3357 1224 3418 et
1248 3347 1348 3420 illam
1375 3348 1410 3420 in
1438 3348 1544 3420 olivis

453 3444 589 3518 vitibus
610 3455 647 3518 et
665 3445 745 3520 aliis
766 3447 964 3519 crudeliter
982 3445 1189 3520 devastant.

476 3576 477 3580 ¹
528 3547 615 3644 Ipso
631 3571 764 3620 mense
778 3547 889 3620 Medii
904 3549 1090 3621 exercitus
1105 3547 1309 3645 imperialis
1325 3551 1370 3621 de
1382 3549 1549 3622 Marehia

452 3646 554 3718 vadit
572 3671 687 3744 super
704 3648 897 3746 Asculum,
910 3659 954 3721 et
970 3649 1093 3748 ipsam
1113 3649 1301 3721 civitatem
1321 3649 1467 3723 obsidet
1485 3674 1548 3722 ex·

451 3747 570 3820 terius
590 3758 628 3820 et
646 3747 823 3821 divastat.·

527 3847 831 3922 Mediolanenses
860 3859 896 3921 et
920 3849 1147 3922 Brexienses
1174 3874 1259 3922 oum
1289 3875 1420 3923 eorum
1446 3874 1548 3922 corn-

452 3947 610 4046 plicibus
639 3973 704 4022 eos
732 3951 907 4048 quisunt
933 3951 986 4023 eis
1015 3951 1219 4024 adversarii
1248 3961 1285 4023 et
1312 3951 1374 4048 qui
1398 3960 1548 4048 partem

452 4047 581 4121 fovent
594 4049 832 4148 imperatoris
846 4050 1031 4124 hostiliter
1045 4052 1284 4150 impugnant,
1304 4052 1366 4148 qui
1381 4063 1549 4124 castrum
1650 4137 1651 4140 Ἴ

453 4202 480 4288 ‘l
495 4207 534 4330 pta
552 4210 625 4258 recte
644 4207 736 4260 Petrus
756 4223 772 4259 a
797 4206 889 4272 Vinum
916 4205 1059 4259 ostendatis
1080 4223 1102 4259 c.
1215 4208 1241 4275 b)
1261 4204 1285 4258 D
1305 4208 1420 4260 nondum
1439 4209 1466 4259 in
1486 4207 1549 4259 cod.

450 4291 493 4344 pec
522 4289 556 4329 m.
