<?xml version="1.0" encoding="UTF-8"?>
<!DOCTYPE html PUBLIC "-//W3C//DTD XHTML 1.0 Transitional//EN"
    "http://www.w3.org/TR/xhtml1/DTD/xhtml1-transitional.dtd">
<html xmlns="http://www.w3.org/1999/xhtml" xml:lang="en" lang="en">
 <head>
  <title>
</title>
<meta http-equiv="Content-Type" content="text/html;charset=utf-8" />
  <meta name='ocr-system' content='tesseract 3.04.00' />
  <meta name='ocr-capabilities' content='ocr_page ocr_carea ocr_par ocr_line ocrx_word'/>
</head>
<body>
  <div class='ocr_page' id='page_1' title='image "./ryccardidesanct00ricagoog_0161.png"; bbox 0 0 3352 5026; ppageno 0'>
   <div class='ocr_carea' id='block_1_1' title="bbox 559 291 1266 370">
    <p class='ocr_par' dir='ltr' id='par_1_1' title="bbox 559 291 1266 370">
     <span class='ocr_line' id='line_1_1' title="bbox 559 291 1266 370; baseline 0.01 -7"><span class='ocrx_word' id='word_1_1' title='bbox 559 291 600 366; x_wconf 88' lang='grc' dir='ltr'><strong>Α.</strong></span> <span class='ocrx_word' id='word_1_2' title='bbox 632 295 737 368; x_wconf 83' lang='grc'><strong>1239.</strong></span> <span class='ocrx_word' id='word_1_3' title='bbox 770 295 874 368; x_wconf 81' lang='grc'>1240.</span> <span class='ocrx_word' id='word_1_4' title='bbox 1197 299 1266 370; x_wconf 84' lang='grc'><strong>143</strong></span> 
     </span>
    </p>
   </div>
   <div class='ocr_carea' id='block_1_2' title="bbox 152 493 1267 3910">
    <p class='ocr_par' dir='ltr' id='par_1_2' title="bbox 171 493 1267 1096">
     <span class='ocr_line' id='line_1_2' title="bbox 174 493 1267 591; baseline 0.002 -24"><span class='ocrx_word' id='word_1_5' title='bbox 174 504 243 570; x_wconf 86' lang='lat' dir='ltr'><strong>est.</strong></span> <span class='ocrx_word' id='word_1_6' title='bbox 279 493 472 591; x_wconf 87' lang='lat' dir='ltr'><strong>Aspellum</strong></span> <span class='ocrx_word' id='word_1_7' title='bbox 504 503 542 564; x_wconf 93' lang='lat' dir='ltr'><strong>et</strong></span> <span class='ocrx_word' id='word_1_8' title='bbox 569 493 845 567; x_wconf 86' lang='lat' dir='ltr'><strong>Coccoionum·</strong></span> <span class='ocrx_word' id='word_1_9' title='bbox 877 504 1061 565; x_wconf 87' lang='lat' dir='ltr'><strong>venerunt</strong></span> <span class='ocrx_word' id='word_1_10' title='bbox 1089 497 1135 567; x_wconf 88' lang='lat' dir='ltr'><strong>ad</strong></span> <span class='ocrx_word' id='word_1_11' title='bbox 1164 521 1267 569; x_wconf 89' lang='lat' dir='ltr'><strong>man-</strong></span> 
     </span>
     <span class='ocr_line' id='line_1_3' title="bbox 175 593 1266 691; baseline 0.003 -25"><span class='ocrx_word' id='word_1_12' title='bbox 175 597 303 666; x_wconf 91' lang='lat' dir='ltr'><strong>datum</strong></span> <span class='ocrx_word' id='word_1_13' title='bbox 331 617 461 688; x_wconf 66' lang='lat' dir='ltr'><strong>suum‚</strong></span> <span class='ocrx_word' id='word_1_14' title='bbox 490 593 620 691; x_wconf 81' lang='lat' dir='ltr'><strong>recipit</strong></span> <span class='ocrx_word' id='word_1_15' title='bbox 647 603 736 665; x_wconf 86' lang='lat' dir='ltr'><strong>tune</strong></span> <span class='ocrx_word' id='word_1_16' title='bbox 765 594 877 666; x_wconf 89' lang='lat' dir='ltr'><strong>etiam</strong></span> <span class='ocrx_word' id='word_1_17' title='bbox 902 593 1107 666; x_wconf 87' lang='lat' dir='ltr'><strong>Vitcrbium</strong></span> <span class='ocrx_word' id='word_1_18' title='bbox 1133 601 1266 669; x_wconf 89' lang='lat' dir='ltr'><strong>eodem</strong></span> 
     </span>
     <span class='ocr_line' id='line_1_4' title="bbox 172 693 1266 790; baseline 0.002 -24"><span class='ocrx_word' id='word_1_19' title='bbox 172 718 306 766; x_wconf 88' lang='lat' dir='ltr'><strong>mense</strong></span> <span class='ocrx_word' id='word_1_20' title='bbox 325 693 527 787; x_wconf 69' lang='lat' dir='ltr'><strong>Februarii,</strong></span> <span class='ocrx_word' id='word_1_21' title='bbox 547 696 691 788; x_wconf 80' lang='lat' dir='ltr'><strong>Ortam,</strong></span> <span class='ocrx_word' id='word_1_22' title='bbox 711 694 867 770; x_wconf 89' lang='lat' dir='ltr'><strong>Civitam</strong></span> <span class='ocrx_word' id='word_1_23' title='bbox 889 695 1157 790; x_wconf 72' lang='lat' dir='ltr'><strong>Castellanam,</strong></span> <span class='ocrx_word' id='word_1_24' title='bbox 1180 699 1266 771; x_wconf 91' lang='lat' dir='ltr'><strong>Cor-</strong></span> 
     </span>
     <span class='ocr_line' id='line_1_5' title="bbox 172 794 1265 889; baseline 0.001 -22"><span class='ocrx_word' id='word_1_25' title='bbox 172 806 315 889; x_wconf 67' lang='lat' dir='ltr'><strong>netum‚</strong></span> <span class='ocrx_word' id='word_1_26' title='bbox 335 794 501 889; x_wconf 69' lang='lat' dir='ltr'><strong>Sarrum,</strong></span> <span class='ocrx_word' id='word_1_27' title='bbox 520 795 686 868; x_wconf 83' lang='lat' dir='ltr'><strong>Montem</strong></span> <span class='ocrx_word' id='word_1_28' title='bbox 702 796 729 867; x_wconf 87' lang='lat' dir='ltr'>F</span> <span class='ocrx_word' id='word_1_29' title='bbox 732 797 924 872; x_wconf 91' lang='lat' dir='ltr'><strong>lasconem</strong></span> <span class='ocrx_word' id='word_1_30' title='bbox 941 807 979 868; x_wconf 89' lang='lat' dir='ltr'><strong>et</strong></span> <span class='ocrx_word' id='word_1_31' title='bbox 991 796 1265 870; x_wconf 88' lang='lat' dir='ltr'><strong>Tuscanellam.</strong></span> 
     </span>
     <span class='ocr_line' id='line_1_6' title="bbox 171 895 1264 995; baseline 0.001 -27"><span class='ocrx_word' id='word_1_32' title='bbox 171 895 391 993; x_wconf 86' lang='lat' dir='ltr'><strong>Imperatrix</strong></span> <span class='ocrx_word' id='word_1_33' title='bbox 411 919 495 966; x_wconf 89' lang='lat' dir='ltr'><strong>cum</strong></span> <span class='ocrx_word' id='word_1_34' title='bbox 515 895 678 970; x_wconf 88' lang='lat' dir='ltr'><strong>Berardo</strong></span> <span class='ocrx_word' id='word_1_35' title='bbox 697 896 961 969; x_wconf 82' lang='lat' dir='ltr'><strong>Panormitano</strong></span> <span class='ocrx_word' id='word_1_36' title='bbox 981 897 1264 995; x_wconf 83' lang='lat' dir='ltr'>archiepiscopo</span> 
     </span>
     <span class='ocr_line' id='line_1_7' title="bbox 171 996 1063 1096; baseline 0.004 -28"><span class='ocrx_word' id='word_1_37' title='bbox 171 997 207 1068; x_wconf 96' lang='lat' dir='ltr'><strong>in</strong></span> <span class='ocrx_word' id='word_1_38' title='bbox 227 1021 386 1093; x_wconf 82' lang='lat' dir='ltr'><strong>regnum</strong></span> <span class='ocrx_word' id='word_1_39' title='bbox 407 996 518 1068; x_wconf 92' lang='lat' dir='ltr'><strong>venit.</strong></span> <span class='ocrx_word' id='word_1_40' title='bbox 555 998 671 1070; x_wconf 81' lang='lat' dir='ltr'><strong>Stella</strong></span> <span class='ocrx_word' id='word_1_41' title='bbox 691 1007 860 1070; x_wconf 89' lang='lat' dir='ltr'><strong>cometes</strong></span> <span class='ocrx_word' id='word_1_42' title='bbox 880 999 1063 1096; x_wconf 88' lang='lat' dir='ltr'><strong>apparuit.</strong></span> 
     </span>
    </p>

    <p class='ocr_par' dir='ltr' id='par_1_3' title="bbox 168 1097 1264 1687">
     <span class='ocr_line' id='line_1_8' title="bbox 245 1097 1262 1196; baseline 0 -27"><span class='ocrx_word' id='word_1_43' title='bbox 245 1099 377 1170; x_wconf 88' lang='lat' dir='ltr'><strong>Mense</strong></span> <span class='ocrx_word' id='word_1_44' title='bbox 403 1097 526 1169; x_wconf 86' lang='lat' dir='ltr'><strong>Martii</strong></span> <span class='ocrx_word' id='word_1_45' title='bbox 551 1097 756 1195; x_wconf 88' lang='lat' dir='ltr'><strong>imperator</strong></span> <span class='ocrx_word' id='word_1_46' title='bbox 783 1097 911 1169; x_wconf 89' lang='lat' dir='ltr'><strong>relicto</strong></span> <span class='ocrx_word' id='word_1_47' title='bbox 940 1099 1136 1196; x_wconf 88' lang='lat' dir='ltr'><strong>capitaneo</strong></span> <span class='ocrx_word' id='word_1_48' title='bbox 1166 1099 1262 1196; x_wconf 89' lang='lat' dir='ltr'><strong>apud</strong></span> 
     </span>
     <span class='ocr_line' id='line_1_9' title="bbox 169 1197 1264 1293; baseline 0.003 -25"><span class='ocrx_word' id='word_1_49' title='bbox 169 1198 373 1272; x_wconf 90' lang='lat' dir='ltr'><strong>Viterbium</strong></span> <span class='ocrx_word' id='word_1_50' title='bbox 393 1197 528 1270; x_wconf 83' lang='lat' dir='ltr'><strong>comite</strong></span> <span class='ocrx_word' id='word_1_51' title='bbox 547 1197 700 1270; x_wconf 79' lang='lat' dir='ltr'><strong>Simone</strong></span> <span class='ocrx_word' id='word_1_52' title='bbox 715 1198 870 1270; x_wconf 89' lang='lat' dir='ltr'><strong>Teatino</strong></span> <span class='ocrx_word' id='word_1_53' title='bbox 891 1222 976 1270; x_wconf 91' lang='lat' dir='ltr'><strong>cum</strong></span> <span class='ocrx_word' id='word_1_54' title='bbox 997 1198 1161 1270; x_wconf 88' lang='lat' dir='ltr'><strong>exercitu</strong></span> <span class='ocrx_word' id='word_1_55' title='bbox 1181 1223 1264 1293; x_wconf 73' lang='lat' dir='ltr'><strong>suo,</strong></span> 
     </span>
     <span class='ocr_line' id='line_1_10' title="bbox 170 1295 1264 1394; baseline -0.001 -24"><span class='ocrx_word' id='word_1_56' title='bbox 170 1308 207 1370; x_wconf 92' lang='lat' dir='ltr'><strong>et</strong></span> <span class='ocrx_word' id='word_1_57' title='bbox 231 1299 268 1370; x_wconf 93' lang='lat' dir='ltr'><strong>in</strong></span> <span class='ocrx_word' id='word_1_58' title='bbox 294 1298 460 1370; x_wconf 74' lang='lat' dir='ltr'><strong>blacchia</strong></span> <span class='ocrx_word' id='word_1_59' title='bbox 489 1298 647 1370; x_wconf 90' lang='lat' dir='ltr'><strong>naturali</strong></span> <span class='ocrx_word' id='word_1_60' title='bbox 674 1295 748 1370; x_wconf 87' lang='lat' dir='ltr'><strong>filio</strong></span> <span class='ocrx_word' id='word_1_61' title='bbox 779 1321 846 1371; x_wconf 91' lang='lat' dir='ltr'><strong>suo</strong></span> <span class='ocrx_word' id='word_1_62' title='bbox 874 1297 1034 1376; x_wconf 87' lang='lat' dir='ltr'><strong>Henrico</strong></span> <span class='ocrx_word' id='word_1_63' title='bbox 1063 1321 1154 1394; x_wconf 82' lang='lat' dir='ltr'><strong>rege</strong></span> <span class='ocrx_word' id='word_1_64' title='bbox 1180 1298 1264 1370; x_wconf 92' lang='lat' dir='ltr'><strong>Gal-</strong></span> 
     </span>
     <span class='ocr_line' id='line_1_11' title="bbox 168 1398 1263 1496; baseline 0.001 -27"><span class='ocrx_word' id='word_1_65' title='bbox 168 1399 268 1490; x_wconf 50' lang='lat' dir='ltr'><strong>lurea</strong></span> <span class='ocrx_word' id='word_1_66' title='bbox 304 1423 388 1470; x_wconf 91' lang='lat' dir='ltr'><strong>cum</strong></span> <span class='ocrx_word' id='word_1_67' title='bbox 416 1398 488 1470; x_wconf 86' lang='lat' dir='ltr'><strong>hiis</strong></span> <span class='ocrx_word' id='word_1_68' title='bbox 516 1398 577 1495; x_wconf 93' lang='lat' dir='ltr'><strong>qui</strong></span> <span class='ocrx_word' id='word_1_69' title='bbox 604 1399 650 1470; x_wconf 89' lang='lat' dir='ltr'><strong>de</strong></span> <span class='ocrx_word' id='word_1_70' title='bbox 677 1422 795 1496; x_wconf 84' lang='lat' dir='ltr'><strong>regno</strong></span> <span class='ocrx_word' id='word_1_71' title='bbox 822 1421 953 1470; x_wconf 90' lang='lat' dir='ltr'><strong>secum</strong></span> <span class='ocrx_word' id='word_1_72' title='bbox 978 1398 1015 1470; x_wconf 89' lang='lat' dir='ltr'><strong>iu</strong></span> <span class='ocrx_word' id='word_1_73' title='bbox 1040 1398 1263 1471; x_wconf 76' lang='lat' dir='ltr'><strong>Lombardie</strong></span> 
     </span>
     <span class='ocr_line' id='line_1_12' title="bbox 169 1498 1262 1597; baseline 0.002 -28"><span class='ocrx_word' id='word_1_74' title='bbox 169 1499 329 1593; x_wconf 63' lang='lat' dir='ltr'><strong>fueraut7</strong></span> <span class='ocrx_word' id='word_1_75' title='bbox 356 1500 449 1571; x_wconf 89' lang='lat' dir='ltr'><strong>redit</strong></span> <span class='ocrx_word' id='word_1_76' title='bbox 472 1498 507 1570; x_wconf 94' lang='lat' dir='ltr'><strong>in</strong></span> <span class='ocrx_word' id='word_1_77' title='bbox 529 1522 702 1596; x_wconf 78' lang='lat' dir='ltr'><strong>regnum⁷</strong></span> <span class='ocrx_word' id='word_1_78' title='bbox 730 1510 818 1570; x_wconf 89' lang='lat' dir='ltr'><strong>tunc</strong></span> <span class='ocrx_word' id='word_1_79' title='bbox 843 1499 1035 1597; x_wconf 88' lang='lat' dir='ltr'><strong>Stephano</strong></span> <span class='ocrx_word' id='word_1_80' title='bbox 1064 1498 1262 1575; x_wconf 90' lang='lat' dir='ltr'><strong>Casinensi</strong></span> 
     </span>
     <span class='ocr_line' id='line_1_13' title="bbox 168 1600 974 1687; baseline 0.004 -17"><span class='ocrx_word' id='word_1_81' title='bbox 168 1602 300 1672; x_wconf 83' lang='lat' dir='ltr'><strong>abbate</strong></span> <span class='ocrx_word' id='word_1_82' title='bbox 321 1601 365 1687; x_wconf 87' lang='lat' dir='ltr'><strong>ad</strong></span> <span class='ocrx_word' id='word_1_83' title='bbox 384 1611 523 1672; x_wconf 87' lang='lat' dir='ltr'><strong>terram</strong></span> <span class='ocrx_word' id='word_1_84' title='bbox 543 1600 762 1673; x_wconf 89' lang='lat' dir='ltr'><strong>monasterii</strong></span> <span class='ocrx_word' id='word_1_85' title='bbox 783 1603 974 1673; x_wconf 83' lang='lat' dir='ltr'><strong>redeunte.</strong></span> 
     </span>
    </p>

    <p class='ocr_par' dir='ltr' id='par_1_4' title="bbox 164 1699 1260 1998">
     <span class='ocr_line' id='line_1_14' title="bbox 241 1699 1260 1800; baseline 0.002 -30"><span class='ocrx_word' id='word_1_86' title='bbox 241 1699 516 1799; x_wconf 82' lang='lat' dir='ltr'><strong>lllenseAprilis</strong></span> <span class='ocrx_word' id='word_1_87' title='bbox 532 1701 737 1800; x_wconf 85' lang='lat' dir='ltr'><strong>imperator</strong></span> <span class='ocrx_word' id='word_1_88' title='bbox 752 1704 847 1800; x_wconf 77' lang='lat' dir='ltr'><strong>apurl</strong></span> <span class='ocrx_word' id='word_1_89' title='bbox 863 1701 890 1772; x_wconf 87' lang='lat' dir='ltr'>F</span> <span class='ocrx_word' id='word_1_90' title='bbox 892 1702 1018 1800; x_wconf 80' lang='lat' dir='ltr'><strong>ogiam</strong></span> <span class='ocrx_word' id='word_1_91' title='bbox 1034 1699 1260 1798; x_wconf 87' lang='lat' dir='ltr'><strong>colloquium</strong></span> 
     </span>
     <span class='ocr_line' id='line_1_15' title="bbox 165 1800 1259 1900; baseline -0.001 -28"><span class='ocrx_word' id='word_1_92' title='bbox 165 1800 329 1874; x_wconf 85' lang='lat' dir='ltr'><strong>celebrat</strong></span> <span class='ocrx_word' id='word_1_93' title='bbox 347 1804 538 1898; x_wconf 84' lang='lat' dir='ltr'><strong>generale.</strong></span> <span class='ocrx_word' id='word_1_94' title='bbox 574 1803 756 1900; x_wconf 88' lang='lat' dir='ltr'><strong>Specialis</strong></span> <span class='ocrx_word' id='word_1_95' title='bbox 777 1803 931 1875; x_wconf 88' lang='lat' dir='ltr'><strong>collecta</strong></span> <span class='ocrx_word' id='word_1_96' title='bbox 953 1827 973 1874; x_wconf 87' lang='lat' dir='ltr'><strong>a</strong></span> <span class='ocrx_word' id='word_1_97' title='bbox 991 1801 1136 1876; x_wconf 89' lang='lat' dir='ltr'><strong>clericis</strong></span> <span class='ocrx_word' id='word_1_98' title='bbox 1152 1801 1259 1898; x_wconf 83' lang='lat' dir='ltr'><strong>regni</strong></span> 
     </span>
     <span class='ocr_line' id='line_1_16' title="bbox 164 1901 920 1998; baseline 0 -26"><span class='ocrx_word' id='word_1_99' title='bbox 164 1925 230 1998; x_wconf 88' lang='lat' dir='ltr'><strong>pro</strong></span> <span class='ocrx_word' id='word_1_100' title='bbox 250 1901 442 1974; x_wconf 87' lang='lat' dir='ltr'><strong>beneficiis</strong></span> <span class='ocrx_word' id='word_1_101' title='bbox 463 1903 730 1975; x_wconf 88' lang='lat' dir='ltr'><strong>ecclesiasticis</strong></span> <span class='ocrx_word' id='word_1_102' title='bbox 751 1903 920 1997; x_wconf 84' lang='lat' dir='ltr'><strong>exi-gitur.</strong></span> 
     </span>
    </p>

    <p class='ocr_par' dir='ltr' id='par_1_5' title="bbox 164 1999 1258 2197">
     <span class='ocr_line' id='line_1_17' title="bbox 239 1999 1258 2099; baseline 0.003 -28"><span class='ocrx_word' id='word_1_103' title='bbox 239 2002 379 2072; x_wconf 86' lang='lat' dir='ltr'><strong>Eodem</strong></span> <span class='ocrx_word' id='word_1_104' title='bbox 405 2025 539 2074; x_wconf 89' lang='lat' dir='ltr'><strong>mense</strong></span> <span class='ocrx_word' id='word_1_105' title='bbox 564 1999 661 2074; x_wconf 87' lang='lat' dir='ltr'><strong>lilius</strong></span> <span class='ocrx_word' id='word_1_106' title='bbox 688 2001 789 2097; x_wconf 82' lang='lat' dir='ltr'><strong>regis</strong></span> <span class='ocrx_word' id='word_1_107' title='bbox 810 2002 973 2075; x_wconf 86' lang='lat' dir='ltr'><strong>Castelle</strong></span> <span class='ocrx_word' id='word_1_108' title='bbox 993 2004 1038 2073; x_wconf 91' lang='lat' dir='ltr'><strong>ad</strong></span> <span class='ocrx_word' id='word_1_109' title='bbox 1058 2001 1258 2099; x_wconf 87' lang='lat' dir='ltr'><strong>imperato·</strong></span> 
     </span>
     <span class='ocr_line' id='line_1_18' title="bbox 164 2101 656 2197; baseline 0.008 -29"><span class='ocrx_word' id='word_1_110' title='bbox 164 2121 245 2170; x_wconf 91' lang='lat' dir='ltr'><strong>rem</strong></span> <span class='ocrx_word' id='word_1_111' title='bbox 264 2109 354 2197; x_wconf 94' lang='lat' dir='ltr'><strong>aput</strong></span> <span class='ocrx_word' id='word_1_112' title='bbox 371 2101 525 2197; x_wconf 85' lang='lat' dir='ltr'><strong>Fogiam</strong></span> <span class='ocrx_word' id='word_1_113' title='bbox 544 2101 656 2172; x_wconf 91' lang='lat' dir='ltr'><strong>venit.</strong></span> 
     </span>
    </p>

    <p class='ocr_par' dir='ltr' id='par_1_6' title="bbox 156 2198 1258 3301">
     <span class='ocr_line' id='line_1_19' title="bbox 239 2198 1257 2297; baseline 0.001 -27"><span class='ocrx_word' id='word_1_114' title='bbox 239 2198 278 2270; x_wconf 95' lang='lat' dir='ltr'><strong>ln</strong></span> <span class='ocrx_word' id='word_1_115' title='bbox 313 2198 451 2272; x_wconf 90' lang='lat' dir='ltr'><strong>Sancto</strong></span> <span class='ocrx_word' id='word_1_116' title='bbox 484 2201 673 2272; x_wconf 91' lang='lat' dir='ltr'><strong>Germano</strong></span> <span class='ocrx_word' id='word_1_117' title='bbox 704 2200 888 2297; x_wconf 84' lang='lat' dir='ltr'><strong>magister</strong></span> <span class='ocrx_word' id='word_1_118' title='bbox 918 2200 1105 2273; x_wconf 90' lang='lat' dir='ltr'><strong>lohannes</strong></span> <span class='ocrx_word' id='word_1_119' title='bbox 1138 2199 1257 2271; x_wconf 87' lang='lat' dir='ltr'><strong>arehi-</strong></span> 
     </span>
     <span class='ocr_line' id='line_1_20' title="bbox 163 2300 1258 2398; baseline 0 -28"><span class='ocrx_word' id='word_1_120' title='bbox 163 2304 362 2397; x_wconf 89' lang='lat' dir='ltr'><strong>presbyter</strong></span> <span class='ocrx_word' id='word_1_121' title='bbox 387 2310 488 2373; x_wconf 88' lang='lat' dir='ltr'><strong>terre</strong></span> <span class='ocrx_word' id='word_1_122' title='bbox 515 2300 698 2396; x_wconf 68' lang='lat' dir='ltr'><strong>eiusdem</strong></span> <span class='ocrx_word' id='word_1_123' title='bbox 727 2311 763 2373; x_wconf 90' lang='lat' dir='ltr'><strong>et</strong></span> <span class='ocrx_word' id='word_1_124' title='bbox 790 2300 972 2398; x_wconf 83' lang='lat' dir='ltr'><strong>magister</strong></span> <span class='ocrx_word' id='word_1_125' title='bbox 990 2302 1122 2374; x_wconf 88' lang='lat' dir='ltr'><strong>Petrus</strong></span> <span class='ocrx_word' id='word_1_126' title='bbox 1142 2301 1258 2373; x_wconf 84' lang='lat' dir='ltr'><strong>frater</strong></span> 
     </span>
     <span class='ocr_line' id='line_1_21' title="bbox 163 2399 1255 2500; baseline 0 -28"><span class='ocrx_word' id='word_1_127' title='bbox 163 2399 257 2496; x_wconf 63' lang='lat' dir='ltr'><strong>eius7</strong></span> <span class='ocrx_word' id='word_1_128' title='bbox 285 2401 390 2474; x_wconf 90' lang='lat' dir='ltr'><strong>iussu</strong></span> <span class='ocrx_word' id='word_1_129' title='bbox 417 2400 652 2498; x_wconf 88' lang='lat' dir='ltr'><strong>imperatoris</strong></span> <span class='ocrx_word' id='word_1_130' title='bbox 679 2426 747 2500; x_wconf 88' lang='lat' dir='ltr'><strong>per</strong></span> <span class='ocrx_word' id='word_1_131' title='bbox 773 2402 983 2500; x_wconf 87' lang='lat' dir='ltr'><strong>Philippum</strong></span> <span class='ocrx_word' id='word_1_132' title='bbox 1009 2406 1055 2475; x_wconf 89' lang='lat' dir='ltr'><strong>de</strong></span> <span class='ocrx_word' id='word_1_133' title='bbox 1074 2403 1255 2477; x_wconf 88' lang='lat' dir='ltr'><strong>Surrento</strong></span> 
     </span>
     <span class='ocr_line' id='line_1_22' title="bbox 161 2501 1253 2602; baseline 0.001 -30"><span class='ocrx_word' id='word_1_134' title='bbox 161 2501 317 2575; x_wconf 91' lang='lat' dir='ltr'><strong>militem</strong></span> <span class='ocrx_word' id='word_1_135' title='bbox 329 2503 549 2599; x_wconf 86' lang='lat' dir='ltr'><strong>Capuanum</strong></span> <span class='ocrx_word' id='word_1_136' title='bbox 566 2512 603 2574; x_wconf 89' lang='lat' dir='ltr'><strong>et</strong></span> <span class='ocrx_word' id='word_1_137' title='bbox 617 2527 685 2602; x_wconf 90' lang='lat' dir='ltr'><strong>per</strong></span> <span class='ocrx_word' id='word_1_138' title='bbox 699 2506 884 2598; x_wconf 88' lang='lat' dir='ltr'><strong>quendam</strong></span> <span class='ocrx_word' id='word_1_139' title='bbox 898 2503 1058 2575; x_wconf 89' lang='lat' dir='ltr'><strong>iudicem</strong></span> <span class='ocrx_word' id='word_1_140' title='bbox 1071 2503 1253 2575; x_wconf 87' lang='lat' dir='ltr'><strong>maiorem</strong></span> 
     </span>
     <span class='ocr_line' id='line_1_23' title="bbox 160 2601 1254 2700; baseline 0 -26"><span class='ocrx_word' id='word_1_141' title='bbox 160 2603 259 2700; x_wconf 88' lang='lat' dir='ltr'><strong>capti</strong></span> <span class='ocrx_word' id='word_1_142' title='bbox 288 2613 387 2700; x_wconf 78' lang='lat' dir='ltr'><strong>sunt⁷</strong></span> <span class='ocrx_word' id='word_1_143' title='bbox 415 2613 452 2675; x_wconf 92' lang='lat' dir='ltr'><strong>et</strong></span> <span class='ocrx_word' id='word_1_144' title='bbox 480 2627 608 2676; x_wconf 89' lang='lat' dir='ltr'><strong>eorum</strong></span> <span class='ocrx_word' id='word_1_145' title='bbox 636 2612 724 2676; x_wconf 91' lang='lat' dir='ltr'><strong>sunt</strong></span> <span class='ocrx_word' id='word_1_146' title='bbox 742 2602 891 2674; x_wconf 91' lang='lat' dir='ltr'><strong>mobilia</strong></span> <span class='ocrx_word' id='word_1_147' title='bbox 910 2601 1095 2698; x_wconf 75' lang='lat' dir='ltr'><strong>infiscata,</strong></span> <span class='ocrx_word' id='word_1_148' title='bbox 1121 2603 1254 2674; x_wconf 92' lang='lat' dir='ltr'><strong>immo-</strong></span> 
     </span>
     <span class='ocr_line' id='line_1_24' title="bbox 160 2701 1253 2778; baseline -0.002 -2"><span class='ocrx_word' id='word_1_149' title='bbox 160 2703 244 2776; x_wconf 88' lang='lat' dir='ltr'><strong>bilia</strong></span> <span class='ocrx_word' id='word_1_150' title='bbox 270 2727 360 2776; x_wconf 88' lang='lat' dir='ltr'><strong>vero</strong></span> <span class='ocrx_word' id='word_1_151' title='bbox 387 2704 512 2776; x_wconf 93' lang='lat' dir='ltr'><strong>omnia</strong></span> <span class='ocrx_word' id='word_1_152' title='bbox 541 2713 728 2776; x_wconf 92' lang='lat' dir='ltr'><strong>annotata.</strong></span> <span class='ocrx_word' id='word_1_153' title='bbox 782 2703 920 2778; x_wconf 87' lang='lat' dir='ltr'><strong>Civitas</strong></span> <span class='ocrx_word' id='word_1_154' title='bbox 938 2703 1107 2775; x_wconf 87' lang='lat' dir='ltr'><strong>Ferrarie</strong></span> <span class='ocrx_word' id='word_1_155' title='bbox 1127 2727 1147 2774; x_wconf 94' lang='lat' dir='ltr'><strong>a</strong></span> <span class='ocrx_word' id='word_1_156' title='bbox 1168 2701 1253 2774; x_wconf 92' lang='lat' dir='ltr'><strong>civi·</strong></span> 
     </span>
     <span class='ocr_line' id='line_1_25' title="bbox 160 2802 1253 2902; baseline -0.001 -27"><span class='ocrx_word' id='word_1_157' title='bbox 160 2803 297 2876; x_wconf 89' lang='lat' dir='ltr'><strong>tatibus</strong></span> <span class='ocrx_word' id='word_1_158' title='bbox 316 2804 539 2879; x_wconf 91' lang='lat' dir='ltr'><strong>Lombardie</strong></span> <span class='ocrx_word' id='word_1_159' title='bbox 564 2803 780 2902; x_wconf 89' lang='lat' dir='ltr'><strong>imperatori</strong></span> <span class='ocrx_word' id='word_1_160' title='bbox 808 2802 1002 2876; x_wconf 89' lang='lat' dir='ltr'><strong>contrariis</strong></span> <span class='ocrx_word' id='word_1_161' title='bbox 1029 2826 1098 2876; x_wconf 88' lang='lat' dir='ltr'><strong>nec</strong></span> <span class='ocrx_word' id='word_1_162' title='bbox 1121 2827 1195 2874; x_wconf 92' lang='lat' dir='ltr'><strong>non</strong></span> <span class='ocrx_word' id='word_1_163' title='bbox 1215 2813 1253 2875; x_wconf 93' lang='lat' dir='ltr'><strong>et</strong></span> 
     </span>
     <span class='ocr_line' id='line_1_26' title="bbox 159 2905 1252 3004; baseline -0.002 -28"><span class='ocrx_word' id='word_1_164' title='bbox 159 2929 179 2976; x_wconf 95' lang='lat' dir='ltr'><strong>a</strong></span> <span class='ocrx_word' id='word_1_165' title='bbox 207 2905 359 2988; x_wconf 85' lang='lat' dir='ltr'><strong>Venetis</strong></span> <span class='ocrx_word' id='word_1_166' title='bbox 387 2905 649 3004; x_wconf 72' lang='lat' dir='ltr'><strong>impugnatur,</strong></span> <span class='ocrx_word' id='word_1_167' title='bbox 677 2915 714 2978; x_wconf 92' lang='lat' dir='ltr'><strong>et</strong></span> <span class='ocrx_word' id='word_1_168' title='bbox 739 2905 930 2978; x_wconf 87' lang='lat' dir='ltr'><strong>obsidetur</strong></span> <span class='ocrx_word' id='word_1_169' title='bbox 955 2929 1023 3003; x_wconf 88' lang='lat' dir='ltr'><strong>per</strong></span> <span class='ocrx_word' id='word_1_170' title='bbox 1046 2915 1186 2976; x_wconf 90' lang='lat' dir='ltr'><strong>terram</strong></span> <span class='ocrx_word' id='word_1_171' title='bbox 1215 2913 1252 2975; x_wconf 91' lang='lat' dir='ltr'><strong>et</strong></span> 
     </span>
     <span class='ocr_line' id='line_1_27' title="bbox 158 3003 1250 3106; baseline -0.002 -28"><span class='ocrx_word' id='word_1_172' title='bbox 158 3029 313 3104; x_wconf 76' lang='lat' dir='ltr'><strong>aquam3</strong></span> <span class='ocrx_word' id='word_1_173' title='bbox 332 3006 368 3078; x_wconf 92' lang='lat' dir='ltr'><strong>in</strong></span> <span class='ocrx_word' id='word_1_174' title='bbox 389 3033 460 3105; x_wconf 89' lang='lat' dir='ltr'><strong>qua</strong></span> <span class='ocrx_word' id='word_1_175' title='bbox 475 3032 542 3106; x_wconf 90' lang='lat' dir='ltr'><strong>pro</strong></span> <span class='ocrx_word' id='word_1_176' title='bbox 558 3008 785 3106; x_wconf 90' lang='lat' dir='ltr'><strong>imperatore</strong></span> <span class='ocrx_word' id='word_1_177' title='bbox 802 3017 883 3080; x_wconf 88' lang='lat' dir='ltr'><strong>erat</strong></span> <span class='ocrx_word' id='word_1_178' title='bbox 896 3005 1047 3104; x_wconf 91' lang='lat' dir='ltr'><strong>quidam</strong></span> <span class='ocrx_word' id='word_1_179' title='bbox 1062 3003 1250 3078; x_wconf 85' lang='lat' dir='ltr'><strong>Azolinus.</strong></span> 
     </span>
     <span class='ocr_line' id='line_1_28' title="bbox 156 3105 1250 3203; baseline -0.001 -26"><span class='ocrx_word' id='word_1_180' title='bbox 156 3105 364 3203; x_wconf 88' lang='lat' dir='ltr'><strong>Imperator</strong></span> <span class='ocrx_word' id='word_1_181' title='bbox 391 3133 412 3179; x_wconf 90' lang='lat' dir='ltr'><strong>a</strong></span> <span class='ocrx_word' id='word_1_182' title='bbox 442 3107 519 3181; x_wconf 88' lang='lat' dir='ltr'><strong>suis</strong></span> <span class='ocrx_word' id='word_1_183' title='bbox 547 3107 767 3182; x_wconf 85' lang='lat' dir='ltr'><strong>officialibus</strong></span> <span class='ocrx_word' id='word_1_184' title='bbox 796 3119 939 3180; x_wconf 86' lang='lat' dir='ltr'><strong>certam</strong></span> <span class='ocrx_word' id='word_1_185' title='bbox 958 3106 1074 3203; x_wconf 79' lang='lat' dir='ltr'><strong>exigit</strong></span> <span class='ocrx_word' id='word_1_186' title='bbox 1092 3105 1250 3203; x_wconf 89' lang='lat' dir='ltr'><strong>pecunie</strong></span> 
     </span>
     <span class='ocr_line' id='line_1_29' title="bbox 159 3205 416 3301; baseline 0.004 -26"><span class='ocrx_word' id='word_1_187' title='bbox 159 3205 416 3301; x_wconf 88' lang='lat' dir='ltr'><strong>quantitatem.</strong></span> 
     </span>
    </p>

    <p class='ocr_par' dir='ltr' id='par_1_7' title="bbox 154 3303 1250 3580">
     <span class='ocr_line' id='line_1_30' title="bbox 231 3303 1250 3404; baseline 0.001 -29"><span class='ocrx_word' id='word_1_188' title='bbox 231 3304 365 3376; x_wconf 87' lang='lat' dir='ltr'><strong>Mense</strong></span> <span class='ocrx_word' id='word_1_189' title='bbox 384 3305 495 3377; x_wconf 83' lang='lat' dir='ltr'><strong>llladii</strong></span> <span class='ocrx_word' id='word_1_190' title='bbox 519 3305 725 3404; x_wconf 88' lang='lat' dir='ltr'><strong>imperator</strong></span> <span class='ocrx_word' id='word_1_191' title='bbox 750 3316 981 3402; x_wconf 76' lang='lat' dir='ltr'><strong>congregato</strong></span> <span class='ocrx_word' id='word_1_192' title='bbox 1009 3303 1175 3377; x_wconf 87' lang='lat' dir='ltr'><strong>exercitu</strong></span> <span class='ocrx_word' id='word_1_193' title='bbox 1203 3305 1250 3376; x_wconf 81' lang='lat' dir='ltr'><strong>‹le</strong></span> 
     </span>
     <span class='ocr_line' id='line_1_31' title="bbox 156 3403 1250 3504; baseline 0.001 -30"><span class='ocrx_word' id='word_1_194' title='bbox 156 3403 289 3501; x_wconf 83' lang='lat' dir='ltr'><strong>Apulia</strong></span> <span class='ocrx_word' id='word_1_195' title='bbox 315 3405 417 3476; x_wconf 92' lang='lat' dir='ltr'><strong>venit</strong></span> <span class='ocrx_word' id='word_1_196' title='bbox 436 3408 617 3503; x_wconf 61' lang='lat' dir='ltr'><strong>Capuam,</strong></span> <span class='ocrx_word' id='word_1_197' title='bbox 646 3417 683 3478; x_wconf 92' lang='lat' dir='ltr'><strong>et</strong></span> <span class='ocrx_word' id='word_1_198' title='bbox 709 3407 791 3504; x_wconf 94' lang='lat' dir='ltr'><strong>ipso</strong></span> <span class='ocrx_word' id='word_1_199' title='bbox 814 3409 1028 3501; x_wconf 71' lang='lat' dir='ltr'><strong>mandante,</strong></span> <span class='ocrx_word' id='word_1_200' title='bbox 1055 3405 1250 3494; x_wconf 88' lang='lat' dir='ltr'><strong>Beneven-</strong></span> 
     </span>
     <span class='ocr_line' id='line_1_32' title="bbox 154 3503 790 3580; baseline 0.003 -4"><span class='ocrx_word' id='word_1_201' title='bbox 154 3513 234 3576; x_wconf 88' lang='lat' dir='ltr'><strong>tum</strong></span> <span class='ocrx_word' id='word_1_202' title='bbox 253 3503 291 3576; x_wconf 93' lang='lat' dir='ltr'><strong>in</strong></span> <span class='ocrx_word' id='word_1_203' title='bbox 311 3505 556 3579; x_wconf 87' lang='lat' dir='ltr'><strong>exterioribus</strong></span> <span class='ocrx_word' id='word_1_204' title='bbox 576 3508 790 3580; x_wconf 88' lang='lat' dir='ltr'><strong>divastatur.</strong></span> 
     </span>
    </p>

    <p class='ocr_par' dir='ltr' id='par_1_8' title="bbox 152 3605 1248 3910">
     <span class='ocr_line' id='line_1_33' title="bbox 227 3605 1248 3706; baseline -0.001 -29"><span class='ocrx_word' id='word_1_205' title='bbox 227 3605 360 3678; x_wconf 87' lang='lat' dir='ltr'><strong>Mense</strong></span> <span class='ocrx_word' id='word_1_206' title='bbox 387 3606 480 3680; x_wconf 91' lang='lat' dir='ltr'><strong>lunii</strong></span> <span class='ocrx_word' id='word_1_207' title='bbox 507 3607 711 3706; x_wconf 89' lang='lat' dir='ltr'><strong>imperator</strong></span> <span class='ocrx_word' id='word_1_208' title='bbox 739 3631 824 3681; x_wconf 92' lang='lat' dir='ltr'><strong>cum</strong></span> <span class='ocrx_word' id='word_1_209' title='bbox 854 3607 1019 3680; x_wconf 86' lang='lat' dir='ltr'><strong>exercitu</strong></span> <span class='ocrx_word' id='word_1_210' title='bbox 1045 3629 1115 3679; x_wconf 85' lang='lat' dir='ltr'><strong>suo</strong></span> <span class='ocrx_word' id='word_1_211' title='bbox 1135 3627 1248 3702; x_wconf 90' lang='lat' dir='ltr'><strong>quem</strong></span> 
     </span>
     <span class='ocr_line' id='line_1_34' title="bbox 153 3707 1248 3805; baseline -0.003 -25"><span class='ocrx_word' id='word_1_212' title='bbox 153 3709 199 3780; x_wconf 93' lang='lat' dir='ltr'><strong>de</strong></span> <span class='ocrx_word' id='word_1_213' title='bbox 218 3729 337 3804; x_wconf 86' lang='lat' dir='ltr'><strong>regno</strong></span> <span class='ocrx_word' id='word_1_214' title='bbox 357 3707 575 3805; x_wconf 64' lang='lat' dir='ltr'><strong>collegerat</strong></span> <span class='ocrx_word' id='word_1_215' title='bbox 602 3710 704 3783; x_wconf 88' lang='lat' dir='ltr'><strong>venit</strong></span> <span class='ocrx_word' id='word_1_216' title='bbox 731 3711 776 3784; x_wconf 92' lang='lat' dir='ltr'><strong>ad</strong></span> <span class='ocrx_word' id='word_1_217' title='bbox 803 3709 982 3782; x_wconf 89' lang='lat' dir='ltr'><strong>Sanctum</strong></span> <span class='ocrx_word' id='word_1_218' title='bbox 1002 3707 1248 3800; x_wconf 75' lang='lat' dir='ltr'><strong>Germanum,</strong></span> 
     </span>
     <span class='ocr_line' id='line_1_35' title="bbox 152 3807 1248 3910; baseline -0.002 -31"><span class='ocrx_word' id='word_1_219' title='bbox 152 3807 214 3882; x_wconf 93' lang='lat' dir='ltr'><strong>ubi</strong></span> <span class='ocrx_word' id='word_1_220' title='bbox 237 3831 306 3906; x_wconf 90' lang='lat' dir='ltr'><strong>per</strong></span> <span class='ocrx_word' id='word_1_221' title='bbox 332 3831 400 3881; x_wconf 81' lang='lat' dir='ltr'><strong>sex</strong></span> <span class='ocrx_word' id='word_1_222' title='bbox 426 3809 505 3882; x_wconf 89' lang='lat' dir='ltr'><strong>dies</strong></span> <span class='ocrx_word' id='word_1_223' title='bbox 529 3833 675 3884; x_wconf 89' lang='lat' dir='ltr'><strong>moram</strong></span> <span class='ocrx_word' id='word_1_224' title='bbox 694 3811 933 3910; x_wconf 68' lang='lat' dir='ltr'><strong>protrahens7</strong></span> <span class='ocrx_word' id='word_1_225' title='bbox 961 3807 1160 3904; x_wconf 78' lang='lat' dir='ltr'><strong>evestigio</strong></span> <span class='ocrx_word' id='word_1_226' title='bbox 1179 3829 1248 3904; x_wconf 89' lang='lat' dir='ltr'><strong>per</strong></span> 
     </span>
    </p>
   </div>
   <div class='ocr_carea' id='block_1_3' title="bbox 152 3907 1247 4130">
    <p class='ocr_par' dir='ltr' id='par_1_9' title="bbox 152 3907 1247 4130">
     <span class='ocr_line' id='line_1_36' title="bbox 154 3907 1246 4016; baseline -0.001 -37"><span class='ocrx_word' id='word_1_227' title='bbox 154 3908 338 4006; x_wconf 85' lang='lat' dir='ltr'><strong>Aquinum</strong></span> <span class='ocrx_word' id='word_1_228' title='bbox 362 3909 561 3982; x_wconf 89' lang='lat' dir='ltr'><strong>transitum</strong></span> <span class='ocrx_word' id='word_1_229' title='bbox 580 3911 737 4016; x_wconf 64' lang='lat' dir='ltr'><strong>faciens,</strong></span> <span class='ocrx_word' id='word_1_230' title='bbox 765 3926 802 3994; x_wconf 85' lang='lat' dir='ltr'><strong>et</strong></span> <span class='ocrx_word' id='word_1_231' title='bbox 829 3935 961 3988; x_wconf 88' lang='lat' dir='ltr'><strong>secum</strong></span> <span class='ocrx_word' id='word_1_232' title='bbox 987 3911 1129 3982; x_wconf 89' lang='lat' dir='ltr'><strong>ducens</strong></span> <span class='ocrx_word' id='word_1_233' title='bbox 1153 3907 1246 3980; x_wconf 92' lang='lat' dir='ltr'><strong>Pan-</strong></span> 
     </span>
     <span class='ocr_line' id='line_1_37' title="bbox 152 4008 1247 4130; baseline 0.001 -51"><span class='ocrx_word' id='word_1_234' title='bbox 152 4009 293 4082; x_wconf 85' lang='lat' dir='ltr'><strong>dulfum</strong></span> <span class='ocrx_word' id='word_1_235' title='bbox 313 4010 505 4084; x_wconf 91' lang='lat' dir='ltr'><strong>dominum</strong></span> <span class='ocrx_word' id='word_1_236' title='bbox 524 4011 671 4112; x_wconf 70' lang='lat' dir='ltr'><strong>Aquini⁷</strong></span> <span class='ocrx_word' id='word_1_237' title='bbox 700 4024 801 4130; x_wconf 71' lang='lat' dir='ltr'><strong>apud</strong></span> <span class='ocrx_word' id='word_1_238' title='bbox 822 4012 987 4092; x_wconf 86' lang='lat' dir='ltr'><strong>Insulam</strong></span> <span class='ocrx_word' id='word_1_239' title='bbox 1006 4009 1130 4108; x_wconf 88' lang='lat' dir='ltr'><strong>pontis</strong></span> <span class='ocrx_word' id='word_1_240' title='bbox 1151 4008 1247 4082; x_wconf 90' lang='lat' dir='ltr'><strong>sola-</strong></span> 
     </span>
    </p>
   </div>
   <div class='ocr_carea' id='block_1_4' title="bbox 150 4131 367 4203">
    <p class='ocr_par' dir='ltr' id='par_1_10' title="bbox 150 4131 367 4203">
     <span class='ocr_line' id='line_1_38' title="bbox 150 4131 367 4203; baseline 0.032 -19"><span class='ocrx_word' id='word_1_241' title='bbox 150 4133 174 4203; x_wconf 85' lang='lat' dir='ltr'><strong>a)</strong></span> <span class='ocrx_word' id='word_1_242' title='bbox 194 4131 327 4190; x_wconf 81' lang='lat' dir='ltr'><strong>Coccoion</strong></span> <span class='ocrx_word' id='word_1_243' title='bbox 345 4153 367 4192; x_wconf 83' lang='lat' dir='ltr'><strong>c.</strong></span> 
     </span>
    </p>
   </div>
   <div class='ocr_carea' id='block_1_5' title="bbox 0 0 1680 5026">
    <p class='ocr_par' dir='ltr' id='par_1_11' title="bbox 0 0 1680 5026">
     <span class='ocr_line' id='line_1_39' title="bbox 0 0 1680 5026; baseline 0 8"><span class='ocrx_word' id='word_1_244' title='bbox 0 0 1680 5026; x_wconf 95' lang='lat' dir='ltr'><strong> </strong></span> 
     </span>
    </p>
   </div>
  </div>
 </body>
</html>
