3352 5026
430 447 477 519 92
631 439 914 514 RYCCARDUS
942 440 1003 512 Dll
1031 441 1066 512 S.
1095 439 1364 516 Genusum

429 643 530 715 mani
558 666 624 739 per
649 665 819 714 cesarem
848 639 1051 734 institutus,
1081 651 1118 712 et
1144 639 1287 712 litteras
1308 639 1527 737 imperiales

430 747 475 816 ad
501 743 674 814 homines
694 753 793 812 terre
813 741 931 838 ipsius
952 743 1051 811 etad
1073 740 1165 812 alios
1194 765 1328 812 omnes
1354 744 1399 812 de
1425 751 1525 814 terra

429 843 647 916 monasterii
662 844 793 915 detulit
808 854 845 914 et
861 844 1090 936 mandatum⁷
1105 841 1279 937 quatinus
1296 843 1526 937 superfacto

430 943 646 1018 munitionis
671 954 771 1014 terre
798 942 923 1015 Sancti
950 942 1127 1014 Germani
1160 941 1227 1014 sibi
1260 941 1455 1013 intendere
1488 953 1527 1014 et

430 1048 662 1142 respondere
688 1047 867 1115 deberent
894 1043 929 1113 in
956 1042 1136 1114 faciendis
1163 1041 1300 1128 muris„
1336 1043 1396 1114 ubi
1428 1067 1526 1141 opus

343 1213 344 1216 ,
430 1155 535 1218 esset
551 1145 715 1216 turribus
736 1157 772 1216 et
792 1144 962 1238 fossatis3
983 1142 1150 1239 exceptis
1168 1142 1382 1214 horninibus
1397 1143 1526 1215 Sancti

429 1246 563 1342 Angeli
582 1245 771 1340 Theodici7
800 1247 898 1342 quod
927 1253 1091 1315 castrum
1120 1243 1253 1314 muniri
1281 1243 1439 1341 precipit
1457 1243 1527 1314 im-

430 1357 591 1445 perator.

320 1461 419 1534 apel.
506 1446 710 1541 Gregorius
739 1469 835 1542 papa
863 1445 900 1514 in
929 1444 987 1515 die
1015 1455 1145 1516 sancto
1172 1444 1269 1516 lovis
1291 1443 1525 1538 Raynaldum

430 1549 569 1620 dictum
589 1550 721 1618 ducem
743 1545 886 1642 Spoleti
906 1545 1220 1640 excommunicat,
1248 1553 1285 1615 et
1308 1544 1525 1617 Bertnldum

430 1650 585 1720 fratrem
606 1650 697 1718 eius,

381 1793 382 1796 =
506 1747 721 1844 Stephanus
749 1749 794 1816 de
813 1746 983 1842 Anglone
1004 1756 1102 1816 terre
1121 1744 1274 1817 Laboris
1294 1743 1527 1842 iustitiarius,
1658 1809 1659 1836 p

431 1848 657 1946 imperatore
674 1849 875 1918 mandante
890 1857 1089 1942 utramque
1104 1845 1267 1917 Insulam
1283 1843 1442 1916 liliorum
1458 1847 1527 1918 Pe·
1658 1839 1659 1862 i

431 1949 477 2020 tri
505 1959 542 2019 et
566 1947 776 2020 Solaratam
805 1947 1070 2020 Castellucium
1099 1957 1136 2016 et
1161 1945 1352 2018 Pastinam
1380 1945 1527 2044 recipit⁷

434 2059 470 2119 et
498 2047 674 2120 custodiri
693 2048 781 2118 facit
806 2051 851 2118 ad
878 2072 972 2145 opus
999 2046 1252 2144 imperatoris,
1278 2046 1461 2118 Broccum
1489 2057 1528 2119 et
1658 2075 1659 2080 ¹

433 2147 606 2221 Pesclum
631 2148 824 2221 Soldulum
850 2149 988 2226 destrui
1020 2159 1058 2220 et
1090 2147 1206 2218 everti
1238 2147 1344 2242 fecit7
1376 2146 1527 2218 illorum
1658 2205 1659 2208 ,

434 2273 574 2346 cogens
594 2249 735 2321 incolas
756 2252 800 2321 ad
821 2250 902 2320 loca
923 2249 992 2320 alia
1014 2248 1240 2344 demigrare,
1267 2271 1393 2319 muros
1421 2271 1529 2319 ever·

433 2361 517 2422 tens
538 2350 700 2441 Pastine7
729 2373 799 2420 nec
818 2375 894 2421 non
912 2361 1034 2422 turres
1054 2349 1171 2445 ipsius
1193 2359 1229 2420 et
1248 2347 1452 2445 predictam
1470 2349 1528 2419 ln·
1658 2377 1659 2408 ι

434 2450 1526 2546 sulamsimiliter,tamqueipsamlnsulamquamcastrum

436 2549 585 2622 Pastine
603 2550 690 2646 igne
711 2551 926 2623 combussit.
1237 2629 1240 2632 ,

509 2651 590 2722 Dux
609 2650 757 2723 Austrie
774 2651 1004 2749 Lympuldus
1025 2651 1176 2722 nomine
1202 2675 1286 2722 cum
1314 2649 1526 2746 patriarcha

434 2751 676 2848 Aquilegensi
709 2761 746 2823 et
777 2751 858 2825 aliis
892 2751 1113 2848 supradietis
1145 2756 1190 2824 ab
1222 2751 1448 2848 imperatore
1480 2753 1528 2822 de

434 2852 567 2948 Apulia
593 2853 760 2946 rediens,
789 2857 895 2924 etad
925 2877 1060 2948 papam
1086 2855 1227 2924 vadens
1256 2876 1340 2922 curn
1370 2852 1444 2945 eis7
1480 2853 1526 2922 ad

434 2951 657 3023 Landulfnm
673 2953 919 3026 Casinensem
941 2955 1112 3024 abbatem
1134 2963 1171 3024 et
1188 2962 1412 3024 conventum
1430 2951 1528 3024 eius-

436 3055 520 3123 dem
555 3076 601 3122 ex
630 3063 734 3148 parte
764 3052 1004 3148 imperatoris·
1037 3053 1180 3126 litteras
1218 3053 1348 3124 detulit
1382 3053 1418 3122 in
1457 3053 1529 3122 hac

437 3152 575 3223 forma:

511 3253 720 3325 Fredericus
739 3259 801 3324 etc.
822 3255 1013 3324 venerabili
1031 3254 1156 3325 uttan
1175 3256 1368 3344 Catinensi,
1397 3259 1431 3323 et
1447 3276 1529 3322 con-

437 3356 553 3424 ventui
567 3355 718 3424 eiusdem
734 3361 796 3425 etc.
830 3355 920 3425 Ecce
934 3353 1030 3448 quod
1044 3353 1095 3425 ad
1107 3354 1398 3448 supplicationem
1414 3353 1532 3424 dilecti

433 3455 604 3546 principis
631 3457 745 3526 nostri
770 3455 870 3524 (lucis
888 3453 1027 3524 Austrie
1053 3461 1087 3524 et
1103 3453 1220 3544 Stiria,
1249 3479 1294 3525 ac
1318 3451 1530 3525 uenerabilis

438 3555 602 3646 inrapistri
616 3555 743 3625 dorrras
756 3553 1039 3625 Alamannorum
1060 3554 1176 3625 deuoti
1190 3557 1313 3646 nostri,
1333 3557 1530 3647 recepimus

438 3675 500 3723 uos
515 3653 556 3724 de
570 3654 819 3724 lrnlrundantia
832 3655 973 3746 pietalis
988 3659 1107 3725 nostre
1121 3658 1156 3725 in
1170 3657 1328 3750 pretinm
1348 3659 1528 3748 mapesta-

438 3755 482 3824 lis
499 3760 631 3844 nostre,
658 3777 796 3823 caraem
820 3755 995 3840 offensam
1015 3778 1122 3850 qaum
1142 3762 1269 3826 eontra
1288 3761 1451 3825 nostram
1472 3777 1530 3824 ea·

438 3853 633 3924 cellentiam
651 3877 718 3944 pro
735 3856 890 3946 presenti
908 3853 1089 3926 discordia
1108 3857 1198 3926 inter
1222 3879 1288 3926 aas
1307 3862 1340 3925 et
1358 3855 1530 3926 domnum

435 3976 572 4046 papum
591 3951 714 4024 habita
735 3977 759 4024 a
775 3956 949 4050 principio
968 3955 1191 4028 dissentionis
1209 3978 1318 4049 usqae
1338 3957 1374 4026 in
1392 3954 1533 4026 hodier-

438 4075 521 4124 num
550 4052 639 4124 diem
664 4053 836 4126 decimum
864 4061 1030 4126 octauum
1056 4053 1185 4148 Aprilis
1212 4057 1317 4124 tertia
1342 4055 1534 4126 indictione

440 4154 504 4223 visi
522 4155 604 4224 estis
624 4159 849 4246 carmanum,
870 4157 1009 4247 penitus
1028 4155 1270 4249 relinquentes.
1308 4157 1468 4226 Ceterum
1488 4178 1535 4226 ea

440 4275 504 4346 que
530 4253 627 4323 uadis
649 4254 830 4346 predictas
858 4255 930 4324 driu
948 4261 981 4324 et
999 4257 1170 4348 mapister
1192 4256 1460 4326 Teutoaieorum
1481 4279 1537 4326 re-
