3326 5022
598 391 639 510 n.
671 441 776 513 1193.
849 415 852 420 ’
1194 445 1237 515 13

143 638 258 711 multa
275 637 455 736 supplicia
472 637 620 734 pietatis
637 663 751 712 causa
769 662 842 708 non
860 639 1008 734 profuit,
1023 639 1093 729 nisi
1107 641 1237 715 redimi

143 739 358 837 profuisset.
392 739 555 810 Roccarn
574 739 687 811 etiarn
707 738 899 811 Ravenule
919 741 1073 836 aggredi
1089 767 1109 812 a
1125 743 1237 814 bella·

142 841 284 912 toribus
304 839 460 933 faciens,
480 863 548 936 per
565 839 744 912 insultum
765 839 874 938 cepit.
914 843 1125 934 Vayranum
1145 844 1237 914 acri-

141 951 201 1013 ter
219 941 447 1037 inpugnans,
467 940 526 1012 ubi
543 941 691 1038 quidam
709 951 790 1012 erat
803 941 1015 1037 Roggerius
1029 945 1076 1014 de
1093 942 1235 1016 Theate

141 1065 209 1138 pro
230 1065 320 1138 rege
340 1051 513 1136 statutus,
532 1041 569 1112 in
588 1042 688 1112 nullo
709 1041 876 1140 profecit.
906 1042 1068 1114 Dernum
1088 1067 1236 1116 succre-

142 1141 334 1214 scentibus
350 1141 384 1214 ei
399 1141 536 1215 viribus
549 1146 641 1214 etad
654 1167 740 1214 eum
753 1143 914 1239 undique
927 1145 1234 1218 concurrentibus

142 1243 202 1340 qui
230 1242 331 1340 regis
357 1253 502 1340 partem
529 1245 698 1338 oderant,
725 1268 885 1339 regnum
905 1242 1088 1340 imperiali
1108 1246 1236 1318 nititur

141 1342 313 1417 subicere
333 1344 513 1415 servituti.

65 1449 71 1458 '
217 1444 296 1516 Rex
322 1440 656 1516 vero'rancredus
685 1446 730 1514 de
758 1441 881 1515 Sicilia
909 1442 944 1514 in
972 1443 1144 1540 Apuliam
1171 1471 1233 1518 ve-

142 1542 264 1639 niens,
293 1543 497 1617 exercitum
527 1555 734 1640 congregat
762 1543 969 1640 copiosum,
996 1545 1127 1617 volens
1147 1545 1233 1617 Ber-

140 1643 229 1716 toldi
257 1644 356 1717 vires
384 1643 565 1742 oppositis
598 1645 736 1716 viribus
770 1644 962 1742 impedire.
1016 1645 1081 1716 Cui
1112 1646 1231 1719 dictus

139 1745 337 1818 Bertoldus
369 1769 455 1818 curn
485 1745 564 1818 suis
596 1755 635 1816 et
665 1745 747 1816 aliis
775 1747 821 1816 de
849 1770 966 1842 regno
996 1747 1230 1844 imperialem

139 1855 284 1943 partem
305 1846 530 1942 foventibus,
550 1856 679 1944 utpote
700 1847 754 1918 vir
772 1847 1051 1942 pugnauimus
1079 1848 1231 1920 viriliter

138 1971 180 2018 se
199 1947 372 2044 opponit3
398 1958 436 2020 et
454 1971 546 2044 rege
564 1947 645 2044 ipso
672 1971 714 2019 se
744 1971 828 2018 curn
855 1971 923 2019 suo
950 1949 1113 2020 exercitu
1140 1960 1230 2046 aput

137 2059 305 2119 montem
323 2049 523 2121 Fusculurn
544 2049 776 2141 conferente,
801 2048 882 2144 ipse
906 2059 1034 2120 contra
1061 2073 1147 2121 eum
1168 2077 1229 2122 va-

136 2151 250 2242 denS,
278 2151 375 2246 apud
401 2149 636 2221 Batticanum
667 2148 791 2244 posuit
816 2158 938 2219 castra
965 2173 1046 2244 sna,
1073 2150 1228 2248 cupiens

135 2274 222 2320 curn
249 2249 332 2346 ipso
360 2273 452 2346 rege
479 2251 619 2321 habere
647 2273 916 2342 congressum:
943 2248 976 2320 id
997 2249 1118 2346 ipsum
1140 2277 1228 2348 pars

137 2349 252 2445 regis7
280 2352 325 2421 ad
352 2373 464 2446 quern
491 2349 589 2421 vires
609 2349 770 2446 undique
785 2346 1039 2447 confluebant7
1066 2355 1228 2448 optabat.

136 2450 203 2523 Set
222 2449 458 2546 conspiciens
479 2473 545 2520 rex
563 2449 643 2546 ipse
664 2460 701 2520 et
720 2451 754 2520 in
776 2449 934 2520 consilio
948 2451 1106 2545 habens,
1131 2455 1227 2548 qood

137 2549 256 2622 honor
275 2549 343 2622 sibi
363 2575 436 2621 non
458 2561 537 2622 erat
557 2575 640 2621 cum
660 2550 834 2622 Bertoldo
863 2551 1053 2646 congredi,
1082 2563 1118 2624 et
1137 2553 1225 2624 Ber-

135 2652 258 2722 toldus
288 2675 448 2722 cernens
480 2651 695 2724 debiliorem
730 2661 873 2748 partem
907 2676 1034 2745 suain,
1066 2653 1225 2750 prelium

136 2751 329 2848 sapienter
347 2751 546 2823 declinavit
566 2762 734 2848 uterque
754 2761 790 2822 et
809 2750 1024 2836 discedente
1040 2752 1124 2824 inde
1139 2754 1227 2826 Ber·

71 2917 74 2923 .
134 2852 254 2947 toldo,
288 2853 349 2948 qui
376 2853 680 2948 Laquedornurn⁸
709 2852 918 2948 hospitatus
947 2863 1023 2947 est,
1051 2878 1115 2924 rex
1142 2855 1225 2952 ipse

73 2947 76 2954 ‘
134 2954 251 3026 movit
269 2978 290 3024 a
310 2963 435 3026 monte
454 2953 481 3024 F
485 2953 612 3024 usculo
633 2963 754 3024 castra
778 2977 856 3024 sua.
906 2953 1009 3024 Tunc
1028 2954 1225 3029 bertoldus

133 3079 201 3152 per
216 3055 464 3153 Capitinatam
484 3055 647 3150 redienS,
667 3055 702 3125 in
720 3053 895 3126 comitatu
911 3055 1043 3127 lllolisii
1060 3067 1224 3130 castrum

134 3155 271 3228 montis
290 3155 467 3250 Rodonis7
495 3159 590 3252 quod
611 3180 653 3227 se
674 3179 740 3252 pro
760 3180 850 3251 rege
876 3159 1040 3252 tenebat,
1069 3157 1224 3230 circum-

132 3258 255 3353 posita
282 3257 473 3330 obsidione
502 3267 662 3350 coartat3
689 3257 812 3353 ibique
839 3256 897 3327 die
917 3261 1108 3354 'qnodarm
1136 3262 1223 3332 dum

133 3357 219 3429 illud
249 3357 404 3454 aggredi
434 3357 576 3429 faceret
608 3384 626 3428 a
662 3356 931 3454 pugnatoribus
965 3359 1067 3453 suis,
1101 3359 1223 3456 lapide

134 3459 360 3552 manganelli
393 3458 573 3531 contritus
612 3457 806 3551 occubuit7
847 3457 955 3554 eique
988 3460 1224 3530 bluscancer-

132 3557 253 3628 vellus
285 3559 320 3628 in
353 3563 486 3632 ducem
520 3559 704 3631 successit
741 3557 947 3653 exercitos3
984 3558 1044 3655 qui
1070 3563 1221 3630 tandem

133 3667 297 3728 castrum
317 3659 442 3754 ipsum
462 3659 655 3732 obsidione
674 3659 835 3750 firmata!
855 3683 922 3756 per
941 3659 1039 3732 sitim
1057 3659 1223 3757 capiens,
1314 3719 1317 3725 .

131 3783 205 3830 non
235 3783 302 3854 per
326 3757 413 3851 vim,
442 3784 535 3855 quos
563 3760 661 3856 cepit
688 3759 831 3848 incolas
861 3759 972 3832 variis
999 3759 1222 3834 cruciatibus

98 3915 100 3920 -
131 3859 212 3932 sine
233 3882 301 3956 spe
320 3858 429 3930 venie
449 3859 648 3930 interemit.

206 3961 282 4031 Rex
312 3984 401 4031 vero
421 3961 638 4032 Tancredus
665 3969 754 4030 tunc
782 3971 945 4032 castrum
969 3961 1157 4034 Sabiniani
1187 3964 1221 4034 vi

62 4061 64 4065 ’
129 4060 240 4158 cepit,
260 4071 298 4132 et
316 4065 503 4158 quendam
524 4060 571 4133 ibi
591 4061 764 4134 Sarolum
791 4062 943 4159 capiens
970 4063 1087 4161 ipsius
1108 4064 1220 4136 castri

128 4156 332 4256 dominum,
349 4161 408 4259 qui
424 4165 468 4234 de
482 4187 573 4258 rege
589 4162 672 4260 ipso
688 4162 977 4236 multumfuerat
988 4166 1219 4260 oblocutnsb,

127 4283 151 4351 a)
173 4281 326 4373 Larqucdorir
347 4304 370 4340 c.
388 4287 444 4358 Μὰ
461 4285 661 4357 Ι,ειψιθι1011ἰιιιιι
684 4288 713 4340 G.
790 4288 815 4358 b)
834 4306 888 4343 vos*
907 4292 939 4344 ob
958 4307 1079 4346 rasurum
1097 4293 1219 4346 obscura.
