<?xml version="1.0" encoding="UTF-8"?>
<!DOCTYPE html PUBLIC "-//W3C//DTD XHTML 1.0 Transitional//EN"
    "http://www.w3.org/TR/xhtml1/DTD/xhtml1-transitional.dtd">
<html xmlns="http://www.w3.org/1999/xhtml" xml:lang="en" lang="en">
 <head>
  <title>
</title>
<meta http-equiv="Content-Type" content="text/html;charset=utf-8" />
  <meta name='ocr-system' content='tesseract 3.04.00' />
  <meta name='ocr-capabilities' content='ocr_page ocr_carea ocr_par ocr_line ocrx_word'/>
</head>
<body>
  <div class='ocr_page' id='page_1' title='image "./ryccardidesanct00ricagoog_0045.png"; bbox 0 0 3326 5022; ppageno 0'>
   <div class='ocr_carea' id='block_1_1' title="bbox 511 509 1218 588">
    <p class='ocr_par' dir='ltr' id='par_1_1' title="bbox 511 509 1218 588">
     <span class='ocr_line' id='line_1_1' title="bbox 511 509 1218 588; baseline 0.007 -5"><span class='ocrx_word' id='word_1_1' title='bbox 511 509 551 583; x_wconf 84' lang='grc' dir='ltr'>Α.</span> <span class='ocrx_word' id='word_1_2' title='bbox 583 515 840 588; x_wconf 73' lang='lat' dir='ltr'>mor-1208.</span> <span class='ocrx_word' id='word_1_3' title='bbox 1170 518 1218 588; x_wconf 79' lang='lat'>27</span> 
     </span>
    </p>
   </div>
   <div class='ocr_carea' id='block_1_2' title="bbox 124 713 1219 1013">
    <p class='ocr_par' dir='ltr' id='par_1_2' title="bbox 124 713 1219 1013">
     <span class='ocr_line' id='line_1_2' title="bbox 125 713 1218 811; baseline 0.003 -25"><span class='ocrx_word' id='word_1_4' title='bbox 125 718 295 809; x_wconf 72' lang='lat' dir='ltr'>eosdem⁷</span> <span class='ocrx_word' id='word_1_5' title='bbox 322 725 450 811; x_wconf 84' lang='lat' dir='ltr'>strage</span> <span class='ocrx_word' id='word_1_6' title='bbox 476 735 615 810; x_wconf 82' lang='lat' dir='ltr'>magna</span> <span class='ocrx_word' id='word_1_7' title='bbox 642 714 739 785; x_wconf 86' lang='lat' dir='ltr'>lacta</span> <span class='ocrx_word' id='word_1_8' title='bbox 767 737 813 786; x_wconf 87' lang='lat' dir='ltr'>cx</span> <span class='ocrx_word' id='word_1_9' title='bbox 839 715 893 786; x_wconf 92' lang='lat' dir='ltr'>eis</span> <span class='ocrx_word' id='word_1_10' title='bbox 915 726 951 787; x_wconf 92' lang='lat' dir='ltr'>et</span> <span class='ocrx_word' id='word_1_11' title='bbox 970 713 1145 789; x_wconf 81' lang='lat' dir='ltr'>Giffrido¹</span> <span class='ocrx_word' id='word_1_12' title='bbox 1173 719 1218 789; x_wconf 89' lang='lat' dir='ltr'>de</span> 
     </span>
     <span class='ocr_line' id='line_1_3' title="bbox 124 814 1219 913; baseline -0.001 -25"><span class='ocrx_word' id='word_1_13' title='bbox 124 817 250 912; x_wconf 83' lang='lat' dir='ltr'>Monte</span> <span class='ocrx_word' id='word_1_14' title='bbox 272 815 445 910; x_wconf 61' lang='lat' dir='ltr'>Fuscolm</span> <span class='ocrx_word' id='word_1_15' title='bbox 473 837 584 911; x_wconf 88' lang='lat' dir='ltr'>quem</span> <span class='ocrx_word' id='word_1_16' title='bbox 614 814 683 887; x_wconf 91' lang='lat' dir='ltr'>sibi</span> <span class='ocrx_word' id='word_1_17' title='bbox 711 815 949 913; x_wconf 76' lang='lat' dir='ltr'>capitaneum</span> <span class='ocrx_word' id='word_1_18' title='bbox 970 817 1219 913; x_wconf 69' lang='lat' dir='ltr'>prefecerant,</span> 
     </span>
     <span class='ocr_line' id='line_1_4' title="bbox 125 915 712 1013; baseline -0.003 -25"><span class='ocrx_word' id='word_1_19' title='bbox 125 927 234 1013; x_wconf 83' lang='lat' dir='ltr'>capto</span> <span class='ocrx_word' id='word_1_20' title='bbox 256 926 292 987; x_wconf 89' lang='lat' dir='ltr'>et</span> <span class='ocrx_word' id='word_1_21' title='bbox 311 915 467 987; x_wconf 91' lang='lat' dir='ltr'>vinculis</span> <span class='ocrx_word' id='word_1_22' title='bbox 488 915 712 1012; x_wconf 86' lang='lat' dir='ltr'>mancipate.</span> 
     </span>
    </p>
   </div>
   <div class='ocr_carea' id='block_1_3' title="bbox 611 1111 735 1203">
    <p class='ocr_par' dir='ltr' id='par_1_3' title="bbox 611 1111 735 1203">
     <span class='ocr_line' id='line_1_5' title="bbox 611 1111 735 1203; baseline 0.027 -3"><span class='ocrx_word' id='word_1_23' title='bbox 611 1111 735 1203; x_wconf 83' lang='lat'>1208.</span> 
     </span>
    </p>
   </div>
   <div class='ocr_carea' id='block_1_4' title="bbox 108 1237 1304 2488">
    <p class='ocr_par' dir='ltr' id='par_1_4' title="bbox 108 1237 1304 2471">
     <span class='ocr_line' id='line_1_6' title="bbox 199 1237 1293 1366; baseline -0.006 -27"><span class='ocrx_word' id='word_1_24' title='bbox 199 1237 338 1342; x_wconf 86' lang='lat' dir='ltr'>Mense</span> <span class='ocrx_word' id='word_1_25' title='bbox 362 1268 561 1343; x_wconf 91' lang='lat' dir='ltr'>lanuarii</span> <span class='ocrx_word' id='word_1_26' title='bbox 553 1294 589 1339; x_wconf 93' lang='lat' dir='ltr'>m</span> <span class='ocrx_word' id='word_1_27' title='bbox 627 1269 752 1365; x_wconf 81' lang='lat' dir='ltr'>vigilia</span> <span class='ocrx_word' id='word_1_28' title='bbox 787 1269 998 1366; x_wconf 85' lang='lat' dir='ltr'>epyphanie</span> <span class='ocrx_word' id='word_1_29' title='bbox 1029 1269 1293 1392; x_wconf 61' lang='lat' dir='ltr'>Roffriduscnnn.</span> 
     </span>
     <span class='ocr_line' id='line_1_7' title="bbox 124 1349 1304 1466; baseline 0.001 -26"><span class='ocrx_word' id='word_1_30' title='bbox 124 1369 345 1442; x_wconf 88' lang='lat' dir='ltr'>Casinensis</span> <span class='ocrx_word' id='word_1_31' title='bbox 370 1373 485 1442; x_wconf 90' lang='lat' dir='ltr'>abbas</span> <span class='ocrx_word' id='word_1_32' title='bbox 512 1370 685 1466; x_wconf 86' lang='lat' dir='ltr'>superius</span> <span class='ocrx_word' id='word_1_33' title='bbox 706 1380 952 1464; x_wconf 78' lang='lat' dir='ltr'>memoratus⁷</span> <span class='ocrx_word' id='word_1_34' title='bbox 980 1349 1245 1465; x_wconf 80' lang='lat' dir='ltr'>congregatisG</span> <span class='ocrx_word' id='word_1_35' title='bbox 1247 1361 1304 1392; x_wconf 66' lang='lat'>‘&#39;¹¹&#39;&#39;</span> 
     </span>
     <span class='ocr_line' id='line_1_8' title="bbox 126 1469 1219 1542; baseline -0.002 0"><span class='ocrx_word' id='word_1_36' title='bbox 126 1469 301 1542; x_wconf 86' lang='lat' dir='ltr'>militibus</span> <span class='ocrx_word' id='word_1_37' title='bbox 330 1480 367 1541; x_wconf 85' lang='lat' dir='ltr'>et</span> <span class='ocrx_word' id='word_1_38' title='bbox 392 1470 643 1542; x_wconf 85' lang='lat' dir='ltr'>servientibus</span> <span class='ocrx_word' id='word_1_39' title='bbox 671 1481 772 1542; x_wconf 86' lang='lat' dir='ltr'>terre</span> <span class='ocrx_word' id='word_1_40' title='bbox 798 1493 866 1542; x_wconf 90' lang='lat' dir='ltr'>sue</span> <span class='ocrx_word' id='word_1_41' title='bbox 895 1480 932 1540; x_wconf 88' lang='lat' dir='ltr'>et</span> <span class='ocrx_word' id='word_1_42' title='bbox 949 1473 1130 1542; x_wconf 90' lang='lat' dir='ltr'>baronum</span> <span class='ocrx_word' id='word_1_43' title='bbox 1152 1469 1219 1540; x_wconf 84' lang='lat' dir='ltr'>cir·</span> 
     </span>
     <span class='ocr_line' id='line_1_9' title="bbox 125 1567 1220 1668; baseline -0.002 -27"><span class='ocrx_word' id='word_1_44' title='bbox 125 1571 435 1667; x_wconf 68' lang='lat' dir='ltr'>compositorum,</span> <span class='ocrx_word' id='word_1_45' title='bbox 462 1571 524 1668; x_wconf 90' lang='lat' dir='ltr'>qui</span> <span class='ocrx_word' id='word_1_46' title='bbox 550 1570 620 1642; x_wconf 91' lang='lat' dir='ltr'>sibi</span> <span class='ocrx_word' id='word_1_47' title='bbox 646 1595 691 1642; x_wconf 88' lang='lat' dir='ltr'>ex</span> <span class='ocrx_word' id='word_1_48' title='bbox 710 1570 829 1666; x_wconf 82' lang='lat' dir='ltr'>gratia</span> <span class='ocrx_word' id='word_1_49' title='bbox 860 1569 1019 1643; x_wconf 86' lang='lat' dir='ltr'>libenter</span> <span class='ocrx_word' id='word_1_50' title='bbox 1037 1567 1220 1666; x_wconf 80' lang='lat' dir='ltr'>obseque-</span> 
     </span>
     <span class='ocr_line' id='line_1_10' title="bbox 125 1669 1220 1767; baseline -0.001 -24"><span class='ocrx_word' id='word_1_51' title='bbox 125 1674 272 1764; x_wconf 84' lang='lat' dir='ltr'>bantur.</span> <span class='ocrx_word' id='word_1_52' title='bbox 302 1695 374 1742; x_wconf 92' lang='lat' dir='ltr'>una</span> <span class='ocrx_word' id='word_1_53' title='bbox 399 1695 484 1742; x_wconf 90' lang='lat' dir='ltr'>cum</span> <span class='ocrx_word' id='word_1_54' title='bbox 513 1669 673 1742; x_wconf 88' lang='lat' dir='ltr'>dominis</span> <span class='ocrx_word' id='word_1_55' title='bbox 691 1669 827 1767; x_wconf 84' lang='lat' dir='ltr'>Aquini</span> <span class='ocrx_word' id='word_1_56' title='bbox 861 1680 898 1742; x_wconf 83' lang='lat' dir='ltr'>et</span> <span class='ocrx_word' id='word_1_57' title='bbox 923 1671 1130 1767; x_wconf 55' lang='lat' dir='ltr'>malgerio*</span> <span class='ocrx_word' id='word_1_58' title='bbox 1154 1670 1220 1742; x_wconf 88' lang='lat' dir='ltr'>So-</span> 
     </span>
     <span class='ocr_line' id='line_1_11' title="bbox 125 1755 1221 1885; baseline -0.001 -43"><span class='ocrx_word' id='word_1_59' title='bbox 125 1771 216 1842; x_wconf 89' lang='lat' dir='ltr'>rello</span> <span class='ocrx_word' id='word_1_60' title='bbox 249 1770 375 1842; x_wconf 88' lang='lat' dir='ltr'>civitat</span> <span class='ocrx_word' id='word_1_61' title='bbox 378 1795 438 1842; x_wconf 90' lang='lat' dir='ltr'>em</span> <span class='ocrx_word' id='word_1_62' title='bbox 467 1772 561 1844; x_wconf 88' lang='lat' dir='ltr'>Sore</span> <span class='ocrx_word' id='word_1_63' title='bbox 589 1771 873 1885; x_wconf 80' lang='lat' dir='ltr'>procurantibus</span> <span class='ocrx_word' id='word_1_64' title='bbox 900 1770 973 1844; x_wconf 88' lang='lat' dir='ltr'>hoe</span> <span class='ocrx_word' id='word_1_65' title='bbox 997 1755 1221 1868; x_wconf 83' lang='lat' dir='ltr'>quibusdam</span> 
     </span>
     <span class='ocr_line' id='line_1_12' title="bbox 108 1871 1219 1986; baseline -0.001 -44"><span class='ocrx_word' id='word_1_66' title='bbox 108 1871 244 1968; x_wconf 90' lang='lat' dir='ltr'>ipsius</span> <span class='ocrx_word' id='word_1_67' title='bbox 280 1872 423 1945; x_wconf 87' lang='lat' dir='ltr'>abbatis</span> <span class='ocrx_word' id='word_1_68' title='bbox 461 1872 753 1986; x_wconf 82' lang='lat' dir='ltr'>consanguineis</span> <span class='ocrx_word' id='word_1_69' title='bbox 791 1871 852 1969; x_wconf 91' lang='lat' dir='ltr'>qui</span> <span class='ocrx_word' id='word_1_70' title='bbox 887 1875 933 1945; x_wconf 88' lang='lat' dir='ltr'>de</span> <span class='ocrx_word' id='word_1_71' title='bbox 969 1875 1063 1946; x_wconf 76' lang='lat' dir='ltr'>b&#39;ora</span> <span class='ocrx_word' id='word_1_72' title='bbox 1100 1881 1219 1966; x_wconf 88' lang='lat' dir='ltr'>erant</span> 
     </span>
     <span class='ocr_line' id='line_1_13' title="bbox 126 1925 1220 2070; baseline 0 -28"><span class='ocrx_word' id='word_1_73' title='bbox 126 1984 308 2044; x_wconf 86' lang='lat' dir='ltr'>nocturno</span> <span class='ocrx_word' id='word_1_74' title='bbox 328 1984 500 2070; x_wconf 87' lang='lat' dir='ltr'>tempore</span> <span class='ocrx_word' id='word_1_75' title='bbox 520 1973 643 2068; x_wconf 57' lang='lat' dir='ltr'>intrat²</span> <span class='ocrx_word' id='word_1_76' title='bbox 672 1997 831 2069; x_wconf 89' lang='lat' dir='ltr'>eamque</span> <span class='ocrx_word' id='word_1_77' title='bbox 853 1975 897 2044; x_wconf 89' lang='lat' dir='ltr'>ad</span> <span class='ocrx_word' id='word_1_78' title='bbox 917 1997 1012 2070; x_wconf 92' lang='lat' dir='ltr'>opus</span> <span class='ocrx_word' id='word_1_79' title='bbox 1033 1972 1164 2070; x_wconf 84' lang='lat' dir='ltr'>recipit</span> <span class='ocrx_word' id='word_1_80' title='bbox 1183 1925 1220 2044; x_wconf 80' lang='lat' dir='ltr'>el</span> 
     </span>
     <span class='ocr_line' id='line_1_14' title="bbox 126 2070 1221 2171; baseline 0.003 -28"><span class='ocrx_word' id='word_1_81' title='bbox 126 2070 342 2146; x_wconf 85' lang='lat' dir='ltr'>fidelitatem</span> <span class='ocrx_word' id='word_1_82' title='bbox 369 2073 575 2146; x_wconf 88' lang='lat' dir='ltr'>Innocentii</span> <span class='ocrx_word' id='word_1_83' title='bbox 603 2098 709 2171; x_wconf 89' lang='lat' dir='ltr'>pape.</span> <span class='ocrx_word' id='word_1_84' title='bbox 763 2073 833 2160; x_wconf 87' lang='lat' dir='ltr'>Qui</span> <span class='ocrx_word' id='word_1_85' title='bbox 859 2073 894 2144; x_wconf 92' lang='lat' dir='ltr'>in</span> <span class='ocrx_word' id='word_1_86' title='bbox 915 2098 1137 2146; x_wconf 84' lang='lat' dir='ltr'>succursum</span> <span class='ocrx_word' id='word_1_87' title='bbox 1158 2077 1221 2146; x_wconf 85' lang='lat' dir='ltr'>ab·</span> 
     </span>
     <span class='ocr_line' id='line_1_15' title="bbox 126 2173 1220 2271; baseline -0.001 -26"><span class='ocrx_word' id='word_1_88' title='bbox 126 2173 248 2246; x_wconf 85' lang='lat' dir='ltr'>batis</span> <span class='ocrx_word' id='word_1_89' title='bbox 241 2175 359 2271; x_wconf 82' lang='lat' dir='ltr'>ipsius</span> <span class='ocrx_word' id='word_1_90' title='bbox 380 2175 489 2247; x_wconf 85' lang='lat' dir='ltr'>mittit</span> <span class='ocrx_word' id='word_1_91' title='bbox 502 2175 736 2271; x_wconf 87' lang='lat' dir='ltr'>Stephanum</span> <span class='ocrx_word' id='word_1_92' title='bbox 756 2176 802 2246; x_wconf 91' lang='lat' dir='ltr'>de</span> <span class='ocrx_word' id='word_1_93' title='bbox 816 2174 1033 2246; x_wconf 85' lang='lat' dir='ltr'>Fossanova</span> <span class='ocrx_word' id='word_1_94' title='bbox 1054 2197 1220 2245; x_wconf 84' lang='lat' dir='ltr'>eumer-a</span> 
     </span>
     <span class='ocr_line' id='line_1_16' title="bbox 125 2273 1220 2386; baseline -0.003 -40"><span class='ocrx_word' id='word_1_95' title='bbox 125 2273 221 2346; x_wconf 93' lang='lat' dir='ltr'>rium</span> <span class='ocrx_word' id='word_1_96' title='bbox 241 2299 351 2346; x_wconf 91' lang='lat' dir='ltr'>suum</span> <span class='ocrx_word' id='word_1_97' title='bbox 372 2299 457 2347; x_wconf 90' lang='lat' dir='ltr'>cum</span> <span class='ocrx_word' id='word_1_98' title='bbox 478 2275 633 2347; x_wconf 85' lang='lat' dir='ltr'>exfortio</span> <span class='ocrx_word' id='word_1_99' title='bbox 654 2274 812 2346; x_wconf 89' lang='lat' dir='ltr'>militum</span> <span class='ocrx_word' id='word_1_100' title='bbox 830 2273 1131 2386; x_wconf 76' lang='lat' dir='ltr'>Campanorum3</span> <span class='ocrx_word' id='word_1_101' title='bbox 1159 2273 1220 2370; x_wconf 94' lang='lat' dir='ltr'>qui</span> 
     </span>
     <span class='ocr_line' id='line_1_17' title="bbox 126 2370 1221 2488; baseline -0.004 -40"><span class='ocrx_word' id='word_1_102' title='bbox 126 2376 338 2448; x_wconf 90' lang='lat' dir='ltr'>Conradum</span> <span class='ocrx_word' id='word_1_103' title='bbox 357 2385 447 2446; x_wconf 85' lang='lat' dir='ltr'>tunc</span> <span class='ocrx_word' id='word_1_104' title='bbox 462 2370 555 2448; x_wconf 81' lang='lat' dir='ltr'>Sora</span> <span class='ocrx_word' id='word_1_105' title='bbox 576 2375 752 2446; x_wconf 90' lang='lat' dir='ltr'>comitem</span> <span class='ocrx_word' id='word_1_106' title='bbox 771 2397 812 2446; x_wconf 88' lang='lat' dir='ltr'>se</span> <span class='ocrx_word' id='word_1_107' title='bbox 827 2373 864 2445; x_wconf 92' lang='lat' dir='ltr'>in</span> <span class='ocrx_word' id='word_1_108' title='bbox 879 2374 1023 2447; x_wconf 88' lang='lat' dir='ltr'>Sorella</span> <span class='ocrx_word' id='word_1_109' title='bbox 1038 2374 1221 2488; x_wconf 88' lang='lat' dir='ltr'>recipien-</span> 
     </span>
    </p>
   </div>
   <div class='ocr_carea' id='block_1_5' title="bbox 9 2475 1229 2571">
    <p class='ocr_par' dir='ltr' id='par_1_5' title="bbox 9 2475 1229 2571">
     <span class='ocr_line' id='line_1_18' title="bbox 9 2475 1229 2571; baseline 0.002 -25"><span class='ocrx_word' id='word_1_110' title='bbox 9 2507 12 2513; x_wconf 92' lang='lat'><em>·</em></span> <span class='ocrx_word' id='word_1_111' title='bbox 126 2486 203 2547; x_wconf 88' lang='lat' dir='ltr'>tem</span> <span class='ocrx_word' id='word_1_112' title='bbox 233 2485 351 2546; x_wconf 83' lang='lat' dir='ltr'>arctat</span> <span class='ocrx_word' id='word_1_113' title='bbox 378 2485 415 2547; x_wconf 92' lang='lat' dir='ltr'>et</span> <span class='ocrx_word' id='word_1_114' title='bbox 441 2475 597 2571; x_wconf 90' lang='lat' dir='ltr'>obsidet</span> <span class='ocrx_word' id='word_1_115' title='bbox 626 2485 662 2548; x_wconf 91' lang='lat' dir='ltr'>et</span> <span class='ocrx_word' id='word_1_116' title='bbox 687 2475 786 2547; x_wconf 89' lang='lat' dir='ltr'>male</span> <span class='ocrx_word' id='word_1_117' title='bbox 813 2475 884 2548; x_wconf 88' lang='lat' dir='ltr'>sibi</span> <span class='ocrx_word' id='word_1_118' title='bbox 902 2486 1099 2548; x_wconf 89' lang='lat' dir='ltr'>caventem</span> <span class='ocrx_word' id='word_1_119' title='bbox 1119 2476 1229 2548; x_wconf 84' lang='lat' dir='ltr'>intus</span> 
     </span>
    </p>
   </div>
   <div class='ocr_carea' id='block_1_6' title="bbox 41 2576 1305 4288">
    <p class='ocr_par' dir='ltr' id='par_1_6' title="bbox 41 2576 1222 3784">
     <span class='ocr_line' id='line_1_19' title="bbox 126 2576 1219 2674; baseline -0.001 -25"><span class='ocrx_word' id='word_1_120' title='bbox 126 2576 312 2649; x_wconf 88' lang='lat' dir='ltr'>Sorellam</span> <span class='ocrx_word' id='word_1_121' title='bbox 339 2576 456 2673; x_wconf 61' lang='lat' dir='ltr'>cepit7</span> <span class='ocrx_word' id='word_1_122' title='bbox 494 2576 555 2673; x_wconf 91' lang='lat' dir='ltr'>qui</span> <span class='ocrx_word' id='word_1_123' title='bbox 583 2600 648 2673; x_wconf 89' lang='lat' dir='ltr'>pro</span> <span class='ocrx_word' id='word_1_124' title='bbox 678 2601 746 2648; x_wconf 93' lang='lat' dir='ltr'>sua</span> <span class='ocrx_word' id='word_1_125' title='bbox 778 2576 1037 2674; x_wconf 88' lang='lat' dir='ltr'>redemptione</span> <span class='ocrx_word' id='word_1_126' title='bbox 1070 2601 1219 2648; x_wconf 86' lang='lat' dir='ltr'>roccam</span> 
     </span>
     <span class='ocr_line' id='line_1_20' title="bbox 41 2676 1221 2774; baseline -0.002 -26"><span class='ocrx_word' id='word_1_127' title='bbox 41 2748 54 2772; x_wconf 64' lang='lat'>,</span> <span class='ocrx_word' id='word_1_128' title='bbox 126 2676 231 2748; x_wconf 86' lang='lat' dir='ltr'>Arois</span> <span class='ocrx_word' id='word_1_129' title='bbox 263 2676 299 2747; x_wconf 91' lang='lat' dir='ltr'>in</span> <span class='ocrx_word' id='word_1_130' title='bbox 333 2701 467 2748; x_wconf 89' lang='lat' dir='ltr'>manus</span> <span class='ocrx_word' id='word_1_131' title='bbox 500 2677 585 2750; x_wconf 90' lang='lat' dir='ltr'>dicti</span> <span class='ocrx_word' id='word_1_132' title='bbox 618 2678 813 2749; x_wconf 85' lang='lat' dir='ltr'>camerarii</span> <span class='ocrx_word' id='word_1_133' title='bbox 846 2677 1062 2774; x_wconf 80' lang='lat' dir='ltr'>resignavit.</span> <span class='ocrx_word' id='word_1_134' title='bbox 1117 2677 1221 2748; x_wconf 90' lang='lat' dir='ltr'>Tunc</span> 
     </span>
     <span class='ocr_line' id='line_1_21' title="bbox 126 2777 1220 2851; baseline -0.003 -2"><span class='ocrx_word' id='word_1_135' title='bbox 126 2777 240 2849; x_wconf 86' lang='lat' dir='ltr'>etiam</span> <span class='ocrx_word' id='word_1_136' title='bbox 256 2777 438 2850; x_wconf 88' lang='lat' dir='ltr'>Broccum</span> <span class='ocrx_word' id='word_1_137' title='bbox 459 2788 495 2849; x_wconf 87' lang='lat' dir='ltr'>et</span> <span class='ocrx_word' id='word_1_138' title='bbox 510 2777 683 2851; x_wconf 89' lang='lat' dir='ltr'>Pesclum</span> <span class='ocrx_word' id='word_1_139' title='bbox 698 2777 866 2850; x_wconf 90' lang='lat' dir='ltr'>Solidum</span> <span class='ocrx_word' id='word_1_140' title='bbox 882 2778 1017 2850; x_wconf 88' lang='lat' dir='ltr'>amisit.</span> <span class='ocrx_word' id='word_1_141' title='bbox 1054 2779 1106 2850; x_wconf 86' lang='lat' dir='ltr'>Eo</span> <span class='ocrx_word' id='word_1_142' title='bbox 1122 2801 1220 2847; x_wconf 88' lang='lat' dir='ltr'>anno</span> 
     </span>
     <span class='ocr_line' id='line_1_22' title="bbox 125 2877 1220 2976; baseline -0.002 -26"><span class='ocrx_word' id='word_1_143' title='bbox 125 2877 366 2951; x_wconf 81' lang='lat' dir='ltr'>innocentius</span> <span class='ocrx_word' id='word_1_144' title='bbox 391 2903 488 2976; x_wconf 91' lang='lat' dir='ltr'>papa</span> <span class='ocrx_word' id='word_1_145' title='bbox 514 2879 551 2950; x_wconf 93' lang='lat' dir='ltr'>in</span> <span class='ocrx_word' id='word_1_146' title='bbox 580 2877 703 2974; x_wconf 81' lang='lat' dir='ltr'>vigilia</span> <span class='ocrx_word' id='word_1_147' title='bbox 724 2878 843 2950; x_wconf 86' lang='lat' dir='ltr'>sancti</span> <span class='ocrx_word' id='word_1_148' title='bbox 863 2878 1039 2951; x_wconf 86' lang='lat' dir='ltr'>Iohannis</span> <span class='ocrx_word' id='word_1_149' title='bbox 1060 2877 1220 2973; x_wconf 80' lang='lat' dir='ltr'>baptiste</span> 
     </span>
     <span class='ocr_line' id='line_1_23' title="bbox 126 2978 1221 3073; baseline -0.002 -23"><span class='ocrx_word' id='word_1_150' title='bbox 126 3003 260 3054; x_wconf 83' lang='lat' dir='ltr'>mense</span> <span class='ocrx_word' id='word_1_151' title='bbox 285 2978 376 3050; x_wconf 93' lang='lat' dir='ltr'>lunii</span> <span class='ocrx_word' id='word_1_152' title='bbox 404 2980 505 3051; x_wconf 86' lang='lat' dir='ltr'>venit</span> <span class='ocrx_word' id='word_1_153' title='bbox 531 2984 576 3052; x_wconf 89' lang='lat' dir='ltr'>ab</span> <span class='ocrx_word' id='word_1_154' title='bbox 597 2981 692 3052; x_wconf 88' lang='lat' dir='ltr'>Urbe</span> <span class='ocrx_word' id='word_1_155' title='bbox 712 2984 756 3051; x_wconf 90' lang='lat' dir='ltr'>ad</span> <span class='ocrx_word' id='word_1_156' title='bbox 777 2980 957 3052; x_wconf 88' lang='lat' dir='ltr'>Sanctum</span> <span class='ocrx_word' id='word_1_157' title='bbox 976 2980 1221 3073; x_wconf 73' lang='lat' dir='ltr'>Germanum,</span> 
     </span>
     <span class='ocr_line' id='line_1_24' title="bbox 127 3063 1221 3193; baseline 0.001 -42"><span class='ocrx_word' id='word_1_158' title='bbox 127 3080 187 3152; x_wconf 92' lang='lat' dir='ltr'>ubi</span> <span class='ocrx_word' id='word_1_159' title='bbox 214 3079 294 3152; x_wconf 90' lang='lat' dir='ltr'>ab</span> <span class='ocrx_word' id='word_1_160' title='bbox 285 3105 367 3192; x_wconf 78' lang='lat' dir='ltr'>ipso</span> <span class='ocrx_word' id='word_1_161' title='bbox 397 3085 528 3153; x_wconf 86' lang='lat' dir='ltr'>abbate</span> <span class='ocrx_word' id='word_1_162' title='bbox 543 3063 712 3152; x_wconf 83' lang='lat' dir='ltr'>lloffrido</span> <span class='ocrx_word' id='word_1_163' title='bbox 732 3079 933 3193; x_wconf 82' lang='lat' dir='ltr'>magnifice</span> <span class='ocrx_word' id='word_1_164' title='bbox 953 3090 1129 3177; x_wconf 88' lang='lat' dir='ltr'>receptus</span> <span class='ocrx_word' id='word_1_165' title='bbox 1150 3091 1221 3174; x_wconf 90' lang='lat' dir='ltr'>est</span> 
     </span>
     <span class='ocr_line' id='line_1_25' title="bbox 126 3179 1220 3293; baseline 0 -41"><span class='ocrx_word' id='word_1_166' title='bbox 126 3191 204 3252; x_wconf 86' lang='lat' dir='ltr'>ett</span> <span class='ocrx_word' id='word_1_167' title='bbox 207 3206 268 3252; x_wconf 89' lang='lat' dir='ltr'>am</span> <span class='ocrx_word' id='word_1_168' title='bbox 295 3181 377 3293; x_wconf 85' lang='lat' dir='ltr'>ipse</span> <span class='ocrx_word' id='word_1_169' title='bbox 404 3207 515 3277; x_wconf 90' lang='lat' dir='ltr'>quam</span> <span class='ocrx_word' id='word_1_170' title='bbox 545 3181 680 3253; x_wconf 56' lang='lat' dir='ltr'>fratres</span> <span class='ocrx_word' id='word_1_171' title='bbox 707 3179 763 3252; x_wconf 88' lang='lat' dir='ltr'>sui</span> <span class='ocrx_word' id='word_1_172' title='bbox 792 3181 918 3254; x_wconf 90' lang='lat' dir='ltr'>domni</span> <span class='ocrx_word' id='word_1_173' title='bbox 946 3181 1192 3254; x_wconf 87' lang='lat' dir='ltr'>cardinales</span> <span class='ocrx_word' id='word_1_174' title='bbox 1184 3206 1220 3252; x_wconf 90' lang='lat' dir='ltr'>m</span> 
     </span>
     <span class='ocr_line' id='line_1_26' title="bbox 126 3279 1221 3378; baseline 0.001 -27"><span class='ocrx_word' id='word_1_175' title='bbox 126 3281 353 3354; x_wconf 87' lang='lat' dir='ltr'>necessariis</span> <span class='ocrx_word' id='word_1_176' title='bbox 374 3282 546 3354; x_wconf 89' lang='lat' dir='ltr'>omnibus</span> <span class='ocrx_word' id='word_1_177' title='bbox 566 3279 771 3354; x_wconf 90' lang='lat' dir='ltr'>honorifice</span> <span class='ocrx_word' id='word_1_178' title='bbox 791 3281 989 3378; x_wconf 86' lang='lat' dir='ltr'>procurati.</span> <span class='ocrx_word' id='word_1_179' title='bbox 1036 3283 1140 3354; x_wconf 86' lang='lat' dir='ltr'>Tunc</span> <span class='ocrx_word' id='word_1_180' title='bbox 1160 3305 1221 3352; x_wconf 90' lang='lat' dir='ltr'>ve-</span> 
     </span>
     <span class='ocr_line' id='line_1_27' title="bbox 127 3381 1220 3480; baseline 0 -28"><span class='ocrx_word' id='word_1_181' title='bbox 127 3381 273 3454; x_wconf 85' lang='lat' dir='ltr'>nientes</span> <span class='ocrx_word' id='word_1_182' title='bbox 305 3386 350 3456; x_wconf 87' lang='lat' dir='ltr'>ad</span> <span class='ocrx_word' id='word_1_183' title='bbox 383 3383 506 3480; x_wconf 88' lang='lat' dir='ltr'>ipsum</span> <span class='ocrx_word' id='word_1_184' title='bbox 538 3383 670 3454; x_wconf 87' lang='lat' dir='ltr'>Petrus</span> <span class='ocrx_word' id='word_1_185' title='bbox 703 3385 748 3454; x_wconf 86' lang='lat' dir='ltr'>dc</span> <span class='ocrx_word' id='word_1_186' title='bbox 781 3383 920 3456; x_wconf 88' lang='lat' dir='ltr'>Celano</span> <span class='ocrx_word' id='word_1_187' title='bbox 953 3392 990 3454; x_wconf 88' lang='lat' dir='ltr'>et</span> <span class='ocrx_word' id='word_1_188' title='bbox 1018 3382 1220 3454; x_wconf 90' lang='lat' dir='ltr'>Riccardns</span> 
     </span>
     <span class='ocr_line' id='line_1_28' title="bbox 125 3481 1222 3578; baseline -0.003 -25"><span class='ocrx_word' id='word_1_189' title='bbox 125 3483 325 3554; x_wconf 84' lang='lat' dir='ltr'>Fundanus</span> <span class='ocrx_word' id='word_1_190' title='bbox 345 3484 516 3578; x_wconf 56' lang='lat' dir='ltr'>comites„</span> <span class='ocrx_word' id='word_1_191' title='bbox 536 3507 620 3554; x_wconf 92' lang='lat' dir='ltr'>cum</span> <span class='ocrx_word' id='word_1_192' title='bbox 642 3482 696 3554; x_wconf 89' lang='lat' dir='ltr'>eis</span> <span class='ocrx_word' id='word_1_193' title='bbox 715 3485 761 3554; x_wconf 90' lang='lat' dir='ltr'>de</span> <span class='ocrx_word' id='word_1_194' title='bbox 780 3505 961 3554; x_wconf 89' lang='lat' dir='ltr'>succursu</span> <span class='ocrx_word' id='word_1_195' title='bbox 976 3482 1077 3576; x_wconf 84' lang='lat' dir='ltr'>regis</span> <span class='ocrx_word' id='word_1_196' title='bbox 1094 3481 1222 3552; x_wconf 87' lang='lat' dir='ltr'>statuit</span> 
     </span>
     <span class='ocr_line' id='line_1_29' title="bbox 125 3581 1218 3678; baseline 0 -26"><span class='ocrx_word' id='word_1_197' title='bbox 125 3581 307 3652; x_wconf 85' lang='lat' dir='ltr'>Frederici</span> <span class='ocrx_word' id='word_1_198' title='bbox 334 3594 371 3654; x_wconf 89' lang='lat' dir='ltr'>et</span> <span class='ocrx_word' id='word_1_199' title='bbox 398 3586 442 3665; x_wconf 81' lang='lat' dir='ltr'>de</span> <span class='ocrx_word' id='word_1_200' title='bbox 471 3584 690 3657; x_wconf 85' lang='lat' dir='ltr'>defensione</span> <span class='ocrx_word' id='word_1_201' title='bbox 720 3582 844 3678; x_wconf 59' lang='lat' dir='ltr'>regni7</span> <span class='ocrx_word' id='word_1_202' title='bbox 876 3583 912 3654; x_wconf 90' lang='lat' dir='ltr'>in</span> <span class='ocrx_word' id='word_1_203' title='bbox 943 3584 1041 3654; x_wconf 90' lang='lat' dir='ltr'>hunc</span> <span class='ocrx_word' id='word_1_204' title='bbox 1068 3584 1218 3652; x_wconf 91' lang='lat' dir='ltr'>modum</span> 
     </span>
     <span class='ocr_line' id='line_1_30' title="bbox 127 3679 685 3784; baseline 0.004 -35"><span class='ocrx_word' id='word_1_205' title='bbox 127 3679 315 3752; x_wconf 88' lang='lat' dir='ltr'>videlicet:</span> <span class='ocrx_word' id='word_1_206' title='bbox 663 3759 685 3784; x_wconf 42' lang='lat' dir='ltr'><em>r</em></span> 
     </span>
    </p>

    <p class='ocr_par' dir='ltr' id='par_1_7' title="bbox 124 3780 1305 4288">
     <span class='ocr_line' id='line_1_31' title="bbox 205 3780 1220 3878; baseline -0.004 -24"><span class='ocrx_word' id='word_1_207' title='bbox 205 3781 250 3854; x_wconf 84' lang='lat' dir='ltr'>Ut</span> <span class='ocrx_word' id='word_1_208' title='bbox 266 3783 333 3875; x_wconf 84' lang='lat' dir='ltr'>ipsi</span> <span class='ocrx_word' id='word_1_209' title='bbox 348 3783 492 3852; x_wconf 83' lang='lat' dir='ltr'>comites</span> <span class='ocrx_word' id='word_1_210' title='bbox 506 3785 577 3854; x_wconf 82' lang='lat' dir='ltr'>sint</span> <span class='ocrx_word' id='word_1_211' title='bbox 588 3786 753 3877; x_wconf 74' lang='lat' dir='ltr'>inopistri</span> <span class='ocrx_word' id='word_1_212' title='bbox 766 3785 956 3876; x_wconf 77' lang='lat' dir='ltr'>capitanei,</span> <span class='ocrx_word' id='word_1_213' title='bbox 976 3780 1100 3878; x_wconf 67' lang='lat' dir='ltr'>quidus</span> <span class='ocrx_word' id='word_1_214' title='bbox 1114 3805 1220 3874; x_wconf 82' lang='lat' dir='ltr'>super</span> 
     </span>
     <span class='ocr_line' id='line_1_32' title="bbox 125 3881 1305 3977; baseline 0 -25"><span class='ocrx_word' id='word_1_215' title='bbox 125 3883 192 3952; x_wconf 82' lang='lat' dir='ltr'>ln&#39;is</span> <span class='ocrx_word' id='word_1_216' title='bbox 211 3906 333 3953; x_wconf 78' lang='lat' dir='ltr'>ornam</span> <span class='ocrx_word' id='word_1_217' title='bbox 347 3881 569 3954; x_wconf 74' lang='lat' dir='ltr'>intendente</span> <span class='ocrx_word' id='word_1_218' title='bbox 586 3883 738 3953; x_wconf 85' lang='lat' dir='ltr'>Salerno</span> <span class='ocrx_word' id='word_1_219' title='bbox 754 3907 863 3977; x_wconf 83' lang='lat' dir='ltr'>nsque</span> <span class='ocrx_word' id='word_1_220' title='bbox 879 3885 1111 3976; x_wconf 83' lang='lat' dir='ltr'>Ceperonunr,</span> <span class='ocrx_word' id='word_1_221' title='bbox 1130 3884 1222 3952; x_wconf 80' lang='lat' dir='ltr'>sicut</span> <span class='ocrx_word' id='word_1_222' title='bbox 1301 3933 1305 3942; x_wconf 79' lang='lat'><em>·</em></span> 
     </span>
     <span class='ocr_line' id='line_1_33' title="bbox 126 3981 1218 4078; baseline -0.004 -24"><span class='ocrx_word' id='word_1_223' title='bbox 126 4008 149 4054; x_wconf 83' lang='lat' dir='ltr'>a</span> <span class='ocrx_word' id='word_1_224' title='bbox 169 3985 265 4054; x_wconf 83' lang='lat' dir='ltr'>muri</span> <span class='ocrx_word' id='word_1_225' title='bbox 283 4006 392 4078; x_wconf 85' lang='lat' dir='ltr'>usque</span> <span class='ocrx_word' id='word_1_226' title='bbox 411 3983 460 4054; x_wconf 82' lang='lat' dir='ltr'>ad</span> <span class='ocrx_word' id='word_1_227' title='bbox 479 4006 580 4052; x_wconf 73' lang='lat' dir='ltr'>naara</span> <span class='ocrx_word' id='word_1_228' title='bbox 594 3981 821 4077; x_wconf 77' lang='lat' dir='ltr'>protenditur</span> <span class='ocrx_word' id='word_1_229' title='bbox 839 3990 976 4054; x_wconf 82' lang='lat' dir='ltr'>tructus</span> <span class='ocrx_word' id='word_1_230' title='bbox 995 3989 1097 4075; x_wconf 75' lang='lat' dir='ltr'>terre,</span> <span class='ocrx_word' id='word_1_231' title='bbox 1117 3982 1218 4054; x_wconf 84' lang='lat' dir='ltr'>salvo</span> 
     </span>
     <span class='ocr_line' id='line_1_34' title="bbox 124 4082 1218 4179; baseline -0.002 -24"><span class='ocrx_word' id='word_1_232' title='bbox 124 4089 259 4155; x_wconf 80' lang='lat' dir='ltr'>statuto</span> <span class='ocrx_word' id='word_1_233' title='bbox 279 4086 389 4178; x_wconf 72' lang='lat' dir='ltr'>repro,</span> <span class='ocrx_word' id='word_1_234' title='bbox 418 4106 486 4179; x_wconf 84' lang='lat' dir='ltr'>quo</span> <span class='ocrx_word' id='word_1_235' title='bbox 507 4082 708 4156; x_wconf 73' lang='lat' dir='ltr'>celanensis</span> <span class='ocrx_word' id='word_1_236' title='bbox 728 4105 856 4175; x_wconf 80' lang='lat' dir='ltr'>centes,</span> <span class='ocrx_word' id='word_1_237' title='bbox 884 4089 916 4154; x_wconf 86' lang='lat' dir='ltr'>et</span> <span class='ocrx_word' id='word_1_238' title='bbox 935 4086 1106 4177; x_wconf 78' lang='lat' dir='ltr'>rnupister</span> <span class='ocrx_word' id='word_1_239' title='bbox 1122 4085 1218 4155; x_wconf 82' lang='lat' dir='ltr'>insli-</span> 
     </span>
     <span class='ocr_line' id='line_1_35' title="bbox 125 4183 1218 4288; baseline 0.002 -36"><span class='ocrx_word' id='word_1_240' title='bbox 125 4185 252 4255; x_wconf 83' lang='lat' dir='ltr'>tiorius</span> <span class='ocrx_word' id='word_1_241' title='bbox 270 4183 391 4279; x_wconf 80' lang='lat' dir='ltr'>Apulia</span> <span class='ocrx_word' id='word_1_242' title='bbox 410 4191 443 4256; x_wconf 85' lang='lat' dir='ltr'>et</span> <span class='ocrx_word' id='word_1_243' title='bbox 460 4191 552 4256; x_wconf 69' lang='lat' dir='ltr'>terne</span> <span class='ocrx_word' id='word_1_244' title='bbox 570 4183 735 4278; x_wconf 70' lang='lat' dir='ltr'>tatoris,</span> <span class='ocrx_word' id='word_1_245' title='bbox 756 4191 788 4255; x_wconf 86' lang='lat' dir='ltr'>et</span> <span class='ocrx_word' id='word_1_246' title='bbox 805 4183 906 4255; x_wconf 77' lang='lat' dir='ltr'>subm</span> <span class='ocrx_word' id='word_1_247' title='bbox 926 4183 1101 4288; x_wconf 74' lang='lat' dir='ltr'>rnondnlo</span> <span class='ocrx_word' id='word_1_248' title='bbox 1121 4187 1218 4278; x_wconf 79' lang='lat' dir='ltr'>rapio</span> 
     </span>
    </p>
   </div>
   <div class='ocr_carea' id='block_1_7' title="bbox 41 4353 547 4426">
    <p class='ocr_par' dir='ltr' id='par_1_8' title="bbox 41 4353 547 4426">
     <span class='ocr_line' id='line_1_36' title="bbox 41 4353 547 4426; baseline 0.008 -21"><span class='ocrx_word' id='word_1_249' title='bbox 41 4371 51 4388; x_wconf 67' lang='lat'>⁸</span> <span class='ocrx_word' id='word_1_250' title='bbox 124 4355 149 4426; x_wconf 87' lang='lat' dir='ltr'>a)</span> <span class='ocrx_word' id='word_1_251' title='bbox 170 4353 240 4408; x_wconf 80' lang='lat' dir='ltr'>Gttn</span> <span class='ocrx_word' id='word_1_252' title='bbox 259 4373 281 4410; x_wconf 88' lang='lat' dir='ltr'>c.</span> <span class='ocrx_word' id='word_1_253' title='bbox 356 4357 381 4426; x_wconf 86' lang='lat' dir='ltr'>b)</span> <span class='ocrx_word' id='word_1_254' title='bbox 400 4354 504 4425; x_wconf 79' lang='lat' dir='ltr'>Malgei</span> <span class='ocrx_word' id='word_1_255' title='bbox 523 4371 547 4409; x_wconf 87' lang='lat' dir='ltr'>c.</span> 
     </span>
    </p>
   </div>
   <div class='ocr_carea' id='block_1_8' title="bbox 838 4429 1073 4550">
    <p class='ocr_par' dir='ltr' id='par_1_9' title="bbox 838 4429 1073 4550">
     <span class='ocr_line' id='line_1_37' title="bbox 838 4429 1073 4550; baseline 0 -106"><span class='ocrx_word' id='word_1_256' title='bbox 838 4429 1073 4550; x_wconf 42' lang='grc' dir='ltr'>,3 </span> 
     </span>
    </p>
   </div>
   <div class='ocr_carea' id='block_1_9' title="bbox 0 0 1668 5022">
    <p class='ocr_par' dir='ltr' id='par_1_10' title="bbox 0 0 1668 5022">
     <span class='ocr_line' id='line_1_38' title="bbox 0 0 1668 5022; baseline 0 0"><span class='ocrx_word' id='word_1_257' title='bbox 0 0 1668 5022; x_wconf 95' lang='lat' dir='ltr'> </span> 
     </span>
    </p>
   </div>
  </div>
 </body>
</html>
