3326 5022
418 358 487 422 vm
828 319 1099 433 pressorio.

499 561 539 657 1)
558 560 735 632 Erasmus
750 559 896 632 Gattula
916 561 968 631 vir
987 560 1116 652 optime
1132 557 1175 629 de
1188 556 1338 630 historia
1353 560 1513 652 meritus,

422 686 520 734 anuo
546 663 642 733 1734
667 657 823 731 seeundo
852 666 948 732 tomo
974 658 1223 731 decessionum
1252 659 1302 730 ad
1324 657 1515 730 historiam

424 763 669 836 Cassinensem
695 783 778 853 pap.
807 761 1005 834 eoo-820
1029 765 1159 830 tentum
1186 757 1295 830 edidit
1319 782 1386 853 ope
1411 766 1515 831 auto-

422 861 553 957 praplti
578 860 681 932 oalde
705 859 942 953 emendatum,
969 858 1033 930 sed
1059 860 1118 952 qui
1141 858 1250 931 multo
1272 861 1388 931 minus
1405 883 1515 954 quam

424 967 620 1034 mereretur
646 983 711 1053 pm
734 962 852 1052 ipsam
873 959 1016 1030 ltaliam
1043 958 1229 1049 inclaruit,
1261 962 1312 1030 ita
1337 967 1376 1031 ut
1401 961 1456 1031 ael
1478 963 1515 1031 in

426 1062 638 1135 editionibus
664 1058 911 1151 Neapolitanis
937 1059 1068 1130 seilicet
1083 1057 1257 1130 Raeealta
1284 1059 1321 1130 di
1338 1061 1515 1153 eronielse,

426 1163 524 1248 diarj
542 1167 605 1232 etc.
632 1184 665 1229 a.
702 1161 794 1232 1780
811 1183 885 1254 sqq.
909 1160 942 1230 T.
960 1158 1018 1230 IV.
1039 1165 1072 1230 et
1089 1159 1260 1253 Giuseppe
1287 1159 1516 1233 (191Ιίεονο-

426 1263 508 1333 nisti
533 1285 550 1330 e
568 1261 725 1332 scrittori
742 1261 899 1330 sineroni
919 1259 953 1330 T.
973 1259 1018 1329 ΙΙ.
1040 1283 1074 1330 a.
1097 1261 1204 1352 1844,
1232 1261 1290 1353 qui
1318 1263 1514 1332 versionem

425 1361 557 1434 Italam
577 1359 718 1452 adiecit,
746 1359 912 1432 Gattulae
930 1357 1035 1431 editio
1054 1362 1246 1454 ipnoretur.
1279 1401 1321 1412 -
1361 1361 1428 1448 (lui
1442 1364 1516 1455 pri-

426 1485 522 1534 mam
542 1459 727 1532 editionem
749 1461 890 1530 curavit

500 1559 543 1655 2)
567 1558 744 1654 Uplsellius
761 1562 795 1630 in
814 1557 922 1630 ltalia
942 1558 1062 1630 Sacra
1084 1559 1116 1629 Τ.
1131 1559 1195 1652 ΙΙΙ,
1215 1560 1286 1634 953
1301 1584 1375 1654 sqq.
1395 1568 1429 1631 et
1446 1562 1517 1633 edi-

426 1663 530 1732 tionis
547 1659 726 1732 secundae
748 1659 781 1728 Τ.
797 1659 838 1752 X,
857 1661 926 1731 173
941 1683 1015 1754 sqq.
1036 1666 1167 1730 tentum
1186 1660 1290 1731 valde
1307 1667 1515 1755 corruptum

428 1760 591 1854 ealribuit,
618 1759 758 1854 querelem
778 1783 821 1830 ea
840 1759 1061 1854 apopropliis
1080 1763 1236 1852 occeptu-
1263 1784 1364 1855 quem

504 1860 563 1956 2¹¹)
591 1860 770 1931 Iohannes
797 1860 964 1952 Baptista
984 1860 1156 1931 Carusius
1177 1861 1210 1931 Τ.
1230 1860 1275 1952 ΙΙ,
1292 1883 1377 1954 pop.
1401 1864 1417 1932 1
1439 1887 1514 1958 sqq.

430 1959 668 2032 Bibliothecae
686 1959 828 2031 Siculae
846 1967 985 2032 secutus
1004 1967 1065 2048 est,
1094 1967 1126 2030 et

505 2059 548 2155 3)
570 2059 791 2130 Muratorius
809 2060 842 2130 Τ.
862 2060 932 2153 Vll,
946 2086 981 2153 p.
996 2061 1068 2134 963
1084 2085 1158 2156 sqq.
1177 2060 1401 2153 Scriptorum
1420 2063 1518 2135 ltali-

429 2183 553 2232 corum
572 2159 689 2231 multis
707 2160 793 2231 locis
812 2164 976 2232 correxit.
1585 2171 1589 2182 “

503 2260 589 2332 Post
606 2283 696 2356 quos
713 2260 901 2332 editionem
925 2267 1099 2353 nostram,
1127 2261 1178 2333 ad
1202 2263 1427 2356 autapraplsi.
1446 2271 1518 2336 tea·
1545 2341 1550 2350 ,

430 2366 501 2429 tum
533 2367 716 2454 eaaetom,
748 2361 848 2432 haud
876 2363 950 2434 sine
979 2365 1099 2449 tractu
1130 2362 1327 2434 consultum
1359 2366 1404 2435 iri
1433 2390 1517 2437 eon·

429 2458 580 2546 fidimus.
