3326 5022
518 1113 824 1250 conseruo.

125 1463 267 1570 Sancti
295 1498 464 1570 Germani
489 1501 615 1570 ciuitas
640 1501 757 1591 primo
780 1501 856 1582 fere
883 1498 1002 1592 lapide
1029 1524 1052 1570 a
1073 1493 1215 1572 Casini¹

125 1599 313 1672 ruderibus
332 1598 383 1670 ad
400 1597 558 1670 radicem
577 1603 705 1670 montis
723 1601 760 1669 in
777 1600 877 1670 caius
893 1601 1077 1671 cacumine
1091 1623 1217 1671 mono-

124 1701 268 1778 sterium
296 1699 486 1771 Casinense
509 1701 637 1769 eminet
659 1701 729 1770 sita
757 1699 909 1794 olimque
936 1722 1021 1770 aree
1047 1699 1128 1770 Iani
1153 1723 1215 1772 seu

123 1799 276 1872 banaiae
296 1805 476 1894 protecta,
508 1801 603 1871 viceni
622 1798 768 1892 claudit,
794 1822 887 1894 quoe
904 1799 1020 1872 Roma
1036 1823 1103 1894 per
1120 1799 1214 1872 Ana-

123 1903 263 1996 pniam,
296 1899 539 1993 Ferentinum,
572 1899 822 1992 Frusinonem,
857 1901 1076 1994 Ceperanam
1109 1907 1215 1996 atque

123 2001 297 2096 Aquinum
324 2002 360 2071 in
385 2001 557 2072 interiora
577 1997 736 2093 Apuliae,
763 1999 844 2070 bine
871 2000 1034 2094 Capuam
1063 2007 1098 2070 et
1122 2001 1215 2072 Nea·

118 2101 241 2196 polim,
268 2099 349 2172 inde
367 2101 605 2172 Beneventum
632 2099 739 2171 ducit.
786 2099 855 2171 Per
879 2100 991 2172 multa
1015 2101 1163 2173 saecula
1182 2108 1217 2173 et

123 2202 174 2274 ad
191 2207 318 2272 nostra
338 2224 448 2296 usqae
467 2206 628 2294 tempora
647 2201 716 2284 fait
732 2201 821 2271 iuris
839 2206 872 2272 et
891 2200 1038 2272 dominii
1055 2202 1217 2273 coenobii

62 2360 81 2393 Α
123 2303 337 2392 Casinensis,
365 2303 465 2372 cuias
482 2302 566 2385 fata
584 2323 657 2370 uno
676 2323 754 2370 cam
774 2299 916 2394 reliquis
935 2303 1081 2395 tripinta
1100 2302 1212 2372 abba-

60 2404 193 2472 tiae
222 2423 287 2471 cas
289 2401 354 2471 tris
382 2399 497 2472 subiit.
552 2399 628 2487 Ouo
659 2399 738 2471 ioco
769 2406 932 2494 serpente
900 2400 1107 2473 tsaecato
1135 2401 1211 2472 XII.

37 2499 85 2617 ζ
120 2507 228 2572 natus
246 2499 466 2593 Rpccaretus,
495 2501 628 2573 Casina
631 2500 723 2573 tibus
746 2505 814 2594 pat
799 2501 911 2572 tribas
933 2501 1096 2572 naturali
1122 2525 1210 2596 qua-

72 2602 207 2672 dam
233 2606 384 2672 necessit
362 2599 488 2672 ‘tudine
514 2602 669 2694 iunctus,
700 2606 892 2695 postquam
923 2609 987 2672 not
987 2603 1057 2672 arii
1082 2625 1210 2674 acanus

70 2701 274 2794 suscepit
300 2706 333 2772 et
356 2723 379 2770 a
403 2698 586 2772 Friderico
611 2699 656 2772 ΙΙ.
684 2703 901 2794 imperatore
926 2703 1045 2790 officio
1066 2702 1209 2796 publico

61 2823 85 2894 ᾗ
120 2802 288 2873 admotus
307 2823 426 2872 rerum
441 2799 682 2895 peremturum
695 2801 874 2894 particeps
887 2803 1007 2882 taetus
1021 2809 1083 2894 est,
1102 2801 1209 2874 bisto-

54 2921 85 2955 κ·
118 2905 196 2973 riae
222 2925 359 2997 quoque
381 2903 528 2996 patriae
553 2903 609 2973 sui
634 2903 804 2994 temporis
828 2901 910 2973 inde
937 2903 984 2974 ab
1008 2903 1104 2974 obitu
1129 2903 1208 2975 Wil-

57 3028 87 3077 ”7
117 3003 221 3074 betmi
234 3003 278 3073 tt.
294 3005 387 3098 repis
405 3002 615 3074 scribendae
634 3004 793 3074 accessit.
830 3003 936 3074 Cuius
954 3005 1006 3075 rei
1022 3003 1207 3076 consitium

56 3098 84 3148 ’Κ
117 3111 191 3175 tam
211 3106 439 3197 antiquorum
458 3126 566 3198 quom
585 3101 838 3174 modernorum
857 3105 1031 3176 encitatus
1048 3106 1207 3198 ecempto

115 3204 263 3276 evolutis
277 3227 415 3298 qaoque
430 3203 620 3275 annalibus
635 3203 884 3276 casinensibus
897 3207 1099 3298 concepisse
1114 3206 1207 3278 aide-

66 3263 185 3422 Ῑιιιιῗ)
215 3327 304 3399 quos
322 3304 468 3420 'quietem
493 3305 592 3376 nouit
617 3310 796 3375 eteorum
822 3303 874 3375 ad
899 3305 1094 3398 enemptam
1110 3307 1208 3399 prin·

65 3395 209 3507 sipia
229 3407 347 3498 operis
364 3428 419 3475 sue
414 3406 685 3574 composuerit
722 3401 796 3474 Sed
811 3427 1006 3498 propressu
1025 3409 1206 3500 temporis,

66 3520 95 3578 r
116 3505 200 3574 dum
214 3506 379 3576 constitit
365 3511 472 3577 tenac
486 3529 576 3599 opas
589 3507 625 3576 in
627 3509 678 3602 ter
690 3505 852 3575 macima
868 3526 986 3576 reram
998 3504 1205 3578 discrimina

44 3593 375 3697 quinquaqinta
395 3631 464 3699 qua
467 3612 549 3677 tuor
564 3629 630 3700 per
648 3629 763 3677 annos
778 3612 991 3698 prosecutus
1008 3611 1069 3698 est,
1089 3629 1204 3678 ecem-

112 3701 210 3795 ptum
231 3702 276 3772 ab
296 3704 393 3773 initio
410 3708 662 3796 propositum
651 3729 686 3776 m
704 3707 911 3777 immensum
933 3708 1126 3799 superavit,
1152 3709 1203 3778 ita

114 3809 155 3874 ut
180 3825 260 3872 eam
286 3803 456 3893 optimam
487 3827 605 3874 rerum
639 3805 765 3876 italiae
795 3807 976 3890 interioris
1007 3812 1041 3876 et
1065 3806 1203 3878 mediae

113 3903 259 3975 saecuto
287 3901 381 3976 xm.
407 3905 627 3997 scriptorem,
656 3909 761 3998 atque
790 3928 909 3976 reram
936 3909 1012 3977 aisa
1034 3907 1089 3977 aet
1110 3907 1205 3994 fideti

114 4003 287 4076 relatione
305 4005 529 4098 copnitaram
549 4003 657 4091 fictum
677 4010 711 4074 et
723 4009 937 4078 ‘accuratum
956 4013 1077 4078 testem
1093 4031 1202 4102 opno-

112 4128 257 4176 scamus
276 4128 416 4177 neeesse
434 4107 487 4176 sit.
543 4104 791 4200 Quaecumque
809 4107 899 4178 eninr
918 4113 1060 4198 narrat,
1088 4110 1201 4180 virum

113 4287 141 4369 1)
167 4288 274 4348 civitas
294 4288 345 4347 'vet
369 4288 519 4368 oppidum
543 4286 646 4349 Sancti
670 4287 761 4352 Petri.
