3326 5022
543 397 584 468 A.
616 394 721 468 1222.
754 393 877 467 1223,
1196 401 1241 473 51

153 603 199 674 de
218 600 300 696 ipso
322 608 358 670 et
377 597 455 668 suis
476 595 564 677 fecit
582 601 677 691 quod
700 619 829 668 eorum
850 607 1039 668 meruerat
1059 597 1246 694 exigentia

155 699 458 774 commissorum.

228 797 446 873 Servientes
475 798 521 867 de
548 795 714 892 Neapoly
739 805 775 868 ct
796 795 925 871 Gaieta
944 795 1088 868 loricati
1107 807 1144 868 et
1164 821 1248 870 cum

157 900 273 974 scutis
294 921 408 995 super
427 897 607 970 Celanum
621 899 774 975 'vadunt

232 999 361 1072 Dictus
388 999 611 1070 Acerrarum
646 1021 776 1070 comes
807 998 844 1068 in
875 997 1108 1072 obsidionem
1141 1019 1251 1070 rocce

160 1099 360 1196 Magenulfi
379 1097 586 1170 revertitur.
618 1099 721 1170 Tunc
740 1099 932 1172 comitissa
952 1124 1035 1174 curn
1057 1123 1099 1172 se
1115 1097 1251 1170 diutius

159 1210 290 1272 tenere
310 1225 383 1272 non
404 1210 548 1296 posset,
570 1209 725 1297 accepta
745 1224 767 1270 a
787 1200 930 1296 prelato
949 1201 1173 1273 Acerrarum
1194 1223 1252 1271 co·

161 1301 250 1374 mite
269 1325 335 1400 pro
356 1324 397 1373 se
418 1310 455 1371 et
473 1300 551 1374 suis
572 1300 774 1372 securitate
795 1324 1041 1396 personarum
1063 1311 1100 1370 et
1114 1323 1253 1394 rerum,

105 1433 117 1455 ·
160 1425 311 1472 roccam
338 1397 540 1496 Magenulfi
564 1399 635 1497 ipsi
660 1399 785 1472 comiti
814 1403 858 1471 ad
887 1424 982 1497 opus
1014 1399 1253 1496 imperatoris

162 1501 340 1596 restituit3
369 1524 440 1598 que
459 1499 624 1572 funditus
643 1511 776 1597 postea
796 1511 854 1572 est
873 1524 1017 1574 eversa.

238 1603 318 1699 lloc
343 1625 440 1672 anno
469 1624 602 1672 mense
627 1600 787 1696 Augusti
813 1601 990 1674 Fundana
1026 1600 1158 1672 civitas
1187 1623 1254 1698 pro

165 1701 294 1774 ruaiori
314 1713 443 1799 partea
463 1725 553 1778 casu
573 1699 766 1774 accidente
784 1701 872 1798 igne
893 1712 1058 1774 cremata
1079 1709 1147 1772 est.

238 1804 370 1876 Mense
390 1802 624 1899 Septembris
643 1803 751 1876 stella
771 1813 939 1876 cometes
958 1801 1141 1901 apparuit.

240 1904 448 2000 Imperator
474 1927 543 1975 sua
569 1913 707 1974 statuta
734 1927 802 2000 per
827 1927 986 2000 regnum
1007 1902 1143 1998 dirigit,
1170 1925 1258 1998 qna·

164 2005 248 2076 liter
274 2003 311 2075 in
339 2003 497 2099 singulis
524 2004 733 2076 civitatibus
753 2006 918 2078 castellis
939 2015 976 2076 et
993 2004 1089 2076 villis
1110 2001 1257 2098 singula

167 2105 412 2176 mercimonia
438 2105 546 2175 vendi
567 2099 728 2176 debeant
746 2108 790 2176 ad
811 2105 985 2178 denarios
1006 2128 1124 2176 novos
1143 2103 1260 2174 Brun-

60 2206 65 2214 ’
126 2243 127 2246 “
166 2205 263 2297 disti,
278 2204 589 2276 cassatistarenis
601 2205 938 2301 novissmatphier
952 2207 1050 2278 iuxta
1067 2203 1259 2275 arbitrium

168 2329 234 2376 sex
260 2309 441 2376 bonorum
466 2305 662 2376 hominum
687 2304 981 2402 uniuscuiusque
1007 2317 1105 2377 terre
1125 2306 1170 2376 ad
1188 2303 1261 2375 hoc

167 2405 395 2498 iuratorum5
423 2415 459 2474 et
483 2429 598 2502 super
616 2407 688 2477 hoc
707 2407 907 2502 generales
927 2407 1069 2480 litteras
1089 2403 1210 2478 mittit.

656 2557 781 2648 1223.

244 2693 432 2766 lohannes
448 2719 513 2764 rex
528 2693 856 2768 lherosolimorum
877 2695 937 2792 qui
957 2698 1196 2792 postmodum
1216 2696 1262 2765 de

173 2791 247 2864 filia
268 2818 336 2866 sua
357 2819 441 2866 curn
460 2795 689 2892 imperatore
710 2796 904 2891 contraxit,
930 2795 1087 2868 veniens
1114 2799 1160 2868 de
1180 2818 1263 2891 par·

141 2922 144 2932 ¹
172 2894 269 2968 tibus
297 2895 558 2968 transmarinis
586 2921 671 2968 curn
699 2896 880 2994 magistro
906 2898 1040 2968 domus
1060 2894 1263 2993 Hospitalis

173 2995 501 3090 llierosolimitani7
514 2997 673 3070 Romam
689 3001 829 3072 vadunt
840 3000 885 3070 ad
896 2997 1102 3070 Honorium
1112 3019 1264 3096 papam,

173 3096 235 3192 qui
253 3108 341 3169 tunc
360 3097 525 3194 graviter
543 3099 753 3196 patiebatur
770 3099 806 3172 in
827 3123 946 3171 crure.
1221 3115 1222 3118 ’

248 3197 457 3296 Imperator
482 3201 527 3272 de
555 3199 678 3272 Sicilia
706 3200 743 3272 in
768 3201 939 3298 Apuliam
968 3199 1089 3292 venit,
1117 3199 1201 3270 inde
1229 3197 1265 3268 in

112 3389 114 3396 Ι
173 3307 313 3370 terram
339 3299 506 3394 LaboriS,
535 3311 572 3372 et
599 3301 732 3371 exinde
759 3303 804 3372 ad
823 3301 1003 3372 Sanctum
1023 3301 1267 3390 Germanum,

177 3397 236 3468 ubi
267 3399 347 3470 fieri
380 3424 464 3472 cum
497 3401 744 3473 cardinalibus
777 3400 1001 3496 colloquium
1035 3402 1269 3497 sperabatur,

178 3520 262 3567 cum
288 3499 369 3594 ipse
396 3525 491 3597 papa
511 3512 665 3600 propter
683 3525 791 3574 suam
811 3498 1065 3572 infirmitatem
1085 3496 1278 3594 colloquio

179 3595 363 3668 interesse
383 3625 456 3670 nun
477 3612 616 3697 posset.
671 3604 776 3674 Tunc
801 3612 943 3674 tractus
971 3625 991 3672 a
1021 3599 1269 3688 cardinalibus
1346 3672 1348 3676 ,

180 3696 288 3768 estin
305 3699 547 3794 Campaniam
564 3702 780 3799 imperaton
799 3703 860 3775 ubi
876 3701 987 3774 etiam
1004 3702 1154 3774 hortatu
1168 3697 1269 3795 regis

178 3797 491 3870 lherosolirnitani
511 3810 548 3872 et
567 3803 735 3898 magistri
754 3807 888 3876 domus
903 3802 1107 3900 Hospitalis
1122 3825 1165 3874 se
1185 3823 1271 3874 con·

180 3899 262 3970 tulit
280 3899 361 3996 ipse
381 3925 492 3998 papa,
513 3913 549 3973 et
568 3906 664 3999 apud
682 3903 920 3976 Ferentinum
942 3905 1085 3976 habens
1105 3926 1188 3974 curn
1206 3900 1271 3972 im·

183 4012 354 4098 peratore
371 4002 609 4098 colloquium,
629 4003 800 4099 promisit
814 4003 959 4100 publice
976 4005 1155 4100 usquead
1172 4001 1273 4074 bien·

183 4101 281 4172 nium
299 4103 334 4173 in
351 4113 449 4174 terre
466 4114 596 4174 sancte
612 4104 816 4176 subsidium
832 4104 1091 4198 transfretare,
1107 4114 1143 4214 et
1157 4101 1270 4174 filiam

182 4235 205 4305 a)
227 4256 252 4306 p.
274 4257 307 4290 in.
330 4257 354 4307 p.
375 4257 391 4292 u
410 4243 497 4296 scribo
516 4247 608 4313 postea
627 4244 728 4295 addito.
804 4242 830 4310 b)
850 4225 929 4292 amal.
949 4259 971 4294 c.
