<?xml version="1.0" encoding="UTF-8"?>
<!DOCTYPE html PUBLIC "-//W3C//DTD XHTML 1.0 Transitional//EN"
    "http://www.w3.org/TR/xhtml1/DTD/xhtml1-transitional.dtd">
<html xmlns="http://www.w3.org/1999/xhtml" xml:lang="en" lang="en">
 <head>
  <title>
</title>
<meta http-equiv="Content-Type" content="text/html;charset=utf-8" />
  <meta name='ocr-system' content='tesseract 3.04.00' />
  <meta name='ocr-capabilities' content='ocr_page ocr_carea ocr_par ocr_line ocrx_word'/>
</head>
<body>
  <div class='ocr_page' id='page_1' title='image "./ryccardidesanct00ricagoog_0024.png"; bbox 0 0 3326 5022; ppageno 0'>
   <div class='ocr_carea' id='block_1_1' title="bbox 369 446 1263 568">
    <p class='ocr_par' dir='ltr' id='par_1_1' title="bbox 369 446 1263 568">
     <span class='ocr_line' id='line_1_1' title="bbox 369 446 1263 568; baseline 0.007 -8"><span class='ocrx_word' id='word_1_1' title='bbox 369 493 391 560; x_wconf 78' lang='lat' dir='ltr'>a</span> <span class='ocrx_word' id='word_1_2' title='bbox 570 446 852 568; x_wconf 73' lang='lat' dir='ltr'>nicolanus</span> <span class='ocrx_word' id='word_1_3' title='bbox 880 495 941 566; x_wconf 83' lang='lat' dir='ltr'>oa</span> <span class='ocrx_word' id='word_1_4' title='bbox 969 496 1005 566; x_wconf 84' lang='lat' dir='ltr'>s</span> <span class='ocrx_word' id='word_1_5' title='bbox 1033 494 1263 566; x_wconf 81' lang='lat' dir='ltr'>onnuano</span> 
     </span>
    </p>
   </div>
   <div class='ocr_carea' id='block_1_2' title="bbox 370 690 1464 992">
    <p class='ocr_par' dir='ltr' id='par_1_2' title="bbox 370 690 1464 992">
     <span class='ocr_line' id='line_1_2' title="bbox 370 690 1463 789; baseline 0.005 -30"><span class='ocrx_word' id='word_1_6' title='bbox 370 690 405 760; x_wconf 90' lang='lat' dir='ltr'>in</span> <span class='ocrx_word' id='word_1_7' title='bbox 427 692 497 764; x_wconf 92' lang='lat' dir='ltr'>hac</span> <span class='ocrx_word' id='word_1_8' title='bbox 517 702 641 789; x_wconf 77' lang='lat' dir='ltr'>parte,</span> <span class='ocrx_word' id='word_1_9' title='bbox 663 705 700 767; x_wconf 89' lang='lat' dir='ltr'>et</span> <span class='ocrx_word' id='word_1_10' title='bbox 718 706 806 768; x_wconf 88' lang='lat' dir='ltr'>tunc</span> <span class='ocrx_word' id='word_1_11' title='bbox 825 707 981 768; x_wconf 88' lang='lat' dir='ltr'>vocatus</span> <span class='ocrx_word' id='word_1_12' title='bbox 1001 697 1227 768; x_wconf 90' lang='lat' dir='ltr'>Panormum</span> <span class='ocrx_word' id='word_1_13' title='bbox 1248 695 1463 766; x_wconf 80' lang='lat' dir='ltr'>l&#39;ancredus</span> 
     </span>
     <span class='ocr_line' id='line_1_3' title="bbox 371 793 1464 890; baseline 0.002 -28"><span class='ocrx_word' id='word_1_14' title='bbox 371 815 499 864; x_wconf 87' lang='lat' dir='ltr'>comes</span> <span class='ocrx_word' id='word_1_15' title='bbox 519 793 621 890; x_wconf 88' lang='lat' dir='ltr'>Lioii,</span> <span class='ocrx_word' id='word_1_16' title='bbox 649 797 816 868; x_wconf 89' lang='lat' dir='ltr'>Romana</span> <span class='ocrx_word' id='word_1_17' title='bbox 845 797 880 867; x_wconf 88' lang='lat' dir='ltr'>in</span> <span class='ocrx_word' id='word_1_18' title='bbox 905 799 976 869; x_wconf 89' lang='lat' dir='ltr'>hoc</span> <span class='ocrx_word' id='word_1_19' title='bbox 997 798 1097 868; x_wconf 87' lang='lat' dir='ltr'>curia</span> <span class='ocrx_word' id='word_1_20' title='bbox 1117 800 1228 868; x_wconf 91' lang='lat' dir='ltr'>dante</span> <span class='ocrx_word' id='word_1_21' title='bbox 1248 819 1464 890; x_wconf 88' lang='lat' dir='ltr'>assensum,</span> 
     </span>
     <span class='ocr_line' id='line_1_4' title="bbox 371 894 1386 992; baseline 0.002 -29"><span class='ocrx_word' id='word_1_22' title='bbox 371 902 429 964; x_wconf 88' lang='lat' dir='ltr'>est</span> <span class='ocrx_word' id='word_1_23' title='bbox 449 917 517 989; x_wconf 91' lang='lat' dir='ltr'>per</span> <span class='ocrx_word' id='word_1_24' title='bbox 537 894 659 991; x_wconf 91' lang='lat' dir='ltr'>ipsum</span> <span class='ocrx_word' id='word_1_25' title='bbox 681 895 946 970; x_wconf 85' lang='lat' dir='ltr'>cancellarium</span> <span class='ocrx_word' id='word_1_26' title='bbox 968 908 1168 969; x_wconf 86' lang='lat' dir='ltr'>coronatus</span> <span class='ocrx_word' id='word_1_27' title='bbox 1189 898 1223 967; x_wconf 89' lang='lat' dir='ltr'>in</span> <span class='ocrx_word' id='word_1_28' title='bbox 1245 919 1386 992; x_wconf 86' lang='lat' dir='ltr'>regem.</span> 
     </span>
    </p>
   </div>
   <div class='ocr_carea' id='block_1_3' title="bbox 858 1047 981 1148">
    <p class='ocr_par' dir='ltr' id='par_1_3' title="bbox 858 1047 981 1148">
     <span class='ocr_line' id='line_1_5' title="bbox 858 1047 981 1148; baseline -0.016 -4"><span class='ocrx_word' id='word_1_29' title='bbox 858 1047 981 1148; x_wconf 79' lang='lat'>1190.</span> 
     </span>
    </p>
   </div>
   <div class='ocr_carea' id='block_1_4' title="bbox 245 1188 1464 4424">
    <p class='ocr_par' dir='ltr' id='par_1_4' title="bbox 248 1188 1463 1290">
     <span class='ocr_line' id='line_1_6' title="bbox 262 1188 1463 1290; baseline -0.005 -24.069"><span class='ocrx_word' id='word_1_30' title='bbox 262 1188 361 1290; x_wconf 38' lang='lat'>⁰232&amp;</span> <span class='ocrx_word' id='word_1_31' title='bbox 447 1191 653 1266; x_wconf 89' lang='lat' dir='ltr'>Taucretus</span> <span class='ocrx_word' id='word_1_32' title='bbox 680 1191 750 1264; x_wconf 87' lang='lat' dir='ltr'>iste</span> <span class='ocrx_word' id='word_1_33' title='bbox 779 1193 883 1266; x_wconf 88' lang='lat' dir='ltr'>ducis</span> <span class='ocrx_word' id='word_1_34' title='bbox 903 1195 1080 1290; x_wconf 84' lang='lat' dir='ltr'>Roggerii</span> <span class='ocrx_word' id='word_1_35' title='bbox 1100 1192 1198 1264; x_wconf 85' lang='lat' dir='ltr'>lilius</span> <span class='ocrx_word' id='word_1_36' title='bbox 1219 1193 1341 1263; x_wconf 87' lang='lat' dir='ltr'>fuerat</span> <span class='ocrx_word' id='word_1_37' title='bbox 1359 1201 1463 1262; x_wconf 88' lang='lat' dir='ltr'>natu-</span> 
     </span>
    </p>

    <p class='ocr_par' dir='ltr' id='par_1_5' title="bbox 372 1289 1463 1392">
     <span class='ocr_line' id='line_1_7' title="bbox 372 1289 1463 1392; baseline 0 -32"><span class='ocrx_word' id='word_1_38' title='bbox 372 1289 473 1384; x_wconf 78' lang='lat' dir='ltr'>raliS,</span> <span class='ocrx_word' id='word_1_39' title='bbox 500 1292 605 1363; x_wconf 90' lang='lat' dir='ltr'>cuius</span> <span class='ocrx_word' id='word_1_40' title='bbox 626 1304 733 1390; x_wconf 89' lang='lat' dir='ltr'>pater</span> <span class='ocrx_word' id='word_1_41' title='bbox 751 1294 962 1391; x_wconf 86' lang='lat' dir='ltr'>Roggerius</span> <span class='ocrx_word' id='word_1_42' title='bbox 982 1295 1125 1392; x_wconf 87' lang='lat' dir='ltr'>primus</span> <span class='ocrx_word' id='word_1_43' title='bbox 1145 1294 1181 1364; x_wconf 93' lang='lat' dir='ltr'>in</span> <span class='ocrx_word' id='word_1_44' title='bbox 1201 1317 1319 1390; x_wconf 90' lang='lat' dir='ltr'>regno</span> <span class='ocrx_word' id='word_1_45' title='bbox 1338 1291 1463 1364; x_wconf 81' lang='lat' dir='ltr'>Sicilie</span> 
     </span>
    </p>

    <p class='ocr_par' dir='ltr' id='par_1_6' title="bbox 372 1392 1463 1492">
     <span class='ocr_line' id='line_1_8' title="bbox 372 1392 1463 1492; baseline 0.001 -31"><span class='ocrx_word' id='word_1_46' title='bbox 372 1392 473 1488; x_wconf 89' lang='lat' dir='ltr'>regis</span> <span class='ocrx_word' id='word_1_47' title='bbox 501 1393 654 1465; x_wconf 90' lang='lat' dir='ltr'>sortitus</span> <span class='ocrx_word' id='word_1_48' title='bbox 683 1406 743 1468; x_wconf 90' lang='lat' dir='ltr'>est</span> <span class='ocrx_word' id='word_1_49' title='bbox 768 1419 927 1492; x_wconf 93' lang='lat' dir='ltr'>nomen,</span> <span class='ocrx_word' id='word_1_50' title='bbox 955 1407 993 1468; x_wconf 90' lang='lat' dir='ltr'>et</span> <span class='ocrx_word' id='word_1_51' title='bbox 1021 1397 1092 1467; x_wconf 88' lang='lat' dir='ltr'>bac</span> <span class='ocrx_word' id='word_1_52' title='bbox 1119 1397 1164 1466; x_wconf 90' lang='lat' dir='ltr'>de</span> <span class='ocrx_word' id='word_1_53' title='bbox 1192 1417 1231 1465; x_wconf 92' lang='lat' dir='ltr'>re</span> <span class='ocrx_word' id='word_1_54' title='bbox 1260 1395 1344 1490; x_wconf 85' lang='lat' dir='ltr'>quia</span> <span class='ocrx_word' id='word_1_55' title='bbox 1366 1397 1463 1464; x_wconf 89' lang='lat' dir='ltr'>bunc</span> 
     </span>
    </p>

    <p class='ocr_par' dir='ltr' id='par_1_7' title="bbox 371 1493 1464 1594">
     <span class='ocr_line' id='line_1_9' title="bbox 371 1493 1464 1594; baseline 0.001 -32"><span class='ocrx_word' id='word_1_56' title='bbox 371 1493 532 1566; x_wconf 89' lang='lat' dir='ltr'>babebat</span> <span class='ocrx_word' id='word_1_57' title='bbox 559 1494 706 1567; x_wconf 89' lang='lat' dir='ltr'>titulum</span> <span class='ocrx_word' id='word_1_58' title='bbox 734 1500 830 1593; x_wconf 91' lang='lat' dir='ltr'>quod</span> <span class='ocrx_word' id='word_1_59' title='bbox 859 1500 904 1568; x_wconf 88' lang='lat' dir='ltr'>de</span> <span class='ocrx_word' id='word_1_60' title='bbox 931 1497 1046 1594; x_wconf 80' lang='lat' dir='ltr'>stirpe</span> <span class='ocrx_word' id='word_1_61' title='bbox 1065 1495 1171 1592; x_wconf 86' lang='lat' dir='ltr'>regia</span> <span class='ocrx_word' id='word_1_62' title='bbox 1190 1494 1464 1585; x_wconf 69' lang='lat' dir='ltr'>descendisset,</span> 
     </span>
    </p>

    <p class='ocr_par' dir='ltr' id='par_1_8' title="bbox 371 1593 1462 1692">
     <span class='ocr_line' id='line_1_10' title="bbox 371 1593 1462 1692; baseline -0.001 -28"><span class='ocrx_word' id='word_1_63' title='bbox 371 1593 467 1665; x_wconf 88' lang='lat' dir='ltr'>inter</span> <span class='ocrx_word' id='word_1_64' title='bbox 486 1595 579 1666; x_wconf 87' lang='lat' dir='ltr'>alios</span> <span class='ocrx_word' id='word_1_65' title='bbox 599 1595 706 1692; x_wconf 88' lang='lat' dir='ltr'>regni</span> <span class='ocrx_word' id='word_1_66' title='bbox 726 1597 887 1670; x_wconf 88' lang='lat' dir='ltr'>comites</span> <span class='ocrx_word' id='word_1_67' title='bbox 905 1609 964 1670; x_wconf 91' lang='lat' dir='ltr'>est</span> <span class='ocrx_word' id='word_1_68' title='bbox 983 1599 1125 1670; x_wconf 89' lang='lat' dir='ltr'>electus</span> <span class='ocrx_word' id='word_1_69' title='bbox 1146 1597 1182 1667; x_wconf 91' lang='lat' dir='ltr'>in</span> <span class='ocrx_word' id='word_1_70' title='bbox 1202 1619 1345 1692; x_wconf 89' lang='lat' dir='ltr'>regem.</span> <span class='ocrx_word' id='word_1_71' title='bbox 1391 1593 1462 1680; x_wconf 86' lang='lat' dir='ltr'>Qui</span> 
     </span>
    </p>

    <p class='ocr_par' dir='ltr' id='par_1_9' title="bbox 329 1697 1462 1795">
     <span class='ocr_line' id='line_1_11' title="bbox 329 1697 1462 1795; baseline 0 -29"><span class='ocrx_word' id='word_1_72' title='bbox 329 1777 334 1788; x_wconf 29' lang='lat'>¹</span> <span class='ocrx_word' id='word_1_73' title='bbox 371 1704 571 1792; x_wconf 83' lang='lat' dir='ltr'>postquam</span> <span class='ocrx_word' id='word_1_74' title='bbox 591 1708 810 1794; x_wconf 90' lang='lat' dir='ltr'>assumptus</span> <span class='ocrx_word' id='word_1_75' title='bbox 830 1708 901 1793; x_wconf 91' lang='lat' dir='ltr'>est,</span> <span class='ocrx_word' id='word_1_76' title='bbox 919 1697 1102 1771; x_wconf 89' lang='lat' dir='ltr'>laboravit</span> <span class='ocrx_word' id='word_1_77' title='bbox 1119 1721 1186 1795; x_wconf 92' lang='lat' dir='ltr'>pro</span> <span class='ocrx_word' id='word_1_78' title='bbox 1202 1697 1355 1791; x_wconf 90' lang='lat' dir='ltr'>viribus,</span> <span class='ocrx_word' id='word_1_79' title='bbox 1375 1719 1462 1792; x_wconf 86' lang='lat' dir='ltr'>qua·</span> 
     </span>
    </p>

    <p class='ocr_par' dir='ltr' id='par_1_10' title="bbox 370 1795 1462 1897">
     <span class='ocr_line' id='line_1_12' title="bbox 370 1795 1462 1897; baseline 0.001 -32"><span class='ocrx_word' id='word_1_80' title='bbox 370 1795 454 1868; x_wconf 88' lang='lat' dir='ltr'>liter</span> <span class='ocrx_word' id='word_1_81' title='bbox 480 1796 586 1893; x_wconf 90' lang='lat' dir='ltr'>regni</span> <span class='ocrx_word' id='word_1_82' title='bbox 614 1795 710 1870; x_wconf 86' lang='lat' dir='ltr'>lines</span> <span class='ocrx_word' id='word_1_83' title='bbox 738 1798 774 1868; x_wconf 91' lang='lat' dir='ltr'>in</span> <span class='ocrx_word' id='word_1_84' title='bbox 801 1823 894 1895; x_wconf 90' lang='lat' dir='ltr'>pace</span> <span class='ocrx_word' id='word_1_85' title='bbox 920 1800 1139 1897; x_wconf 82' lang='lat' dir='ltr'>disponeret</span> <span class='ocrx_word' id='word_1_86' title='bbox 1158 1808 1194 1870; x_wconf 90' lang='lat' dir='ltr'>et</span> <span class='ocrx_word' id='word_1_87' title='bbox 1213 1797 1282 1870; x_wconf 89' lang='lat' dir='ltr'>sibi</span> <span class='ocrx_word' id='word_1_88' title='bbox 1301 1796 1462 1868; x_wconf 79' lang='lat' dir='ltr'>rebelles</span> 
     </span>
    </p>

    <p class='ocr_par' dir='ltr' id='par_1_11' title="bbox 371 1895 1462 1997">
     <span class='ocr_line' id='line_1_13' title="bbox 371 1895 1462 1997; baseline 0 -30"><span class='ocrx_word' id='word_1_89' title='bbox 371 1907 408 1968; x_wconf 91' lang='lat' dir='ltr'>et</span> <span class='ocrx_word' id='word_1_90' title='bbox 426 1897 664 1971; x_wconf 90' lang='lat' dir='ltr'>adversarios</span> <span class='ocrx_word' id='word_1_91' title='bbox 685 1899 913 1996; x_wconf 88' lang='lat' dir='ltr'>subiugaret.</span> <span class='ocrx_word' id='word_1_92' title='bbox 945 1901 990 1972; x_wconf 84' lang='lat' dir='ltr'>Et</span> <span class='ocrx_word' id='word_1_93' title='bbox 1008 1899 1169 1997; x_wconf 91' lang='lat' dir='ltr'>primum</span> <span class='ocrx_word' id='word_1_94' title='bbox 1190 1898 1339 1996; x_wconf 91' lang='lat' dir='ltr'>quidem</span> <span class='ocrx_word' id='word_1_95' title='bbox 1359 1895 1462 1994; x_wconf 91' lang='lat' dir='ltr'>quin·</span> 
     </span>
    </p>

    <p class='ocr_par' dir='ltr' id='par_1_12' title="bbox 371 1997 1463 2098">
     <span class='ocr_line' id='line_1_14' title="bbox 371 1997 1463 2098; baseline 0 -30"><span class='ocrx_word' id='word_1_96' title='bbox 371 2021 444 2094; x_wconf 92' lang='lat' dir='ltr'>que</span> <span class='ocrx_word' id='word_1_97' title='bbox 462 1997 757 2072; x_wconf 85' lang='lat' dir='ltr'>Sarracenorum</span> <span class='ocrx_word' id='word_1_98' title='bbox 777 2001 943 2097; x_wconf 87' lang='lat' dir='ltr'>regulos,</span> <span class='ocrx_word' id='word_1_99' title='bbox 971 2001 1031 2098; x_wconf 92' lang='lat' dir='ltr'>qui</span> <span class='ocrx_word' id='word_1_100' title='bbox 1059 2006 1106 2075; x_wconf 93' lang='lat' dir='ltr'>ob</span> <span class='ocrx_word' id='word_1_101' title='bbox 1132 2010 1273 2072; x_wconf 90' lang='lat' dir='ltr'>metum</span> <span class='ocrx_word' id='word_1_102' title='bbox 1295 1997 1463 2070; x_wconf 88' lang='lat' dir='ltr'>christia-</span> 
     </span>
    </p>

    <p class='ocr_par' dir='ltr' id='par_1_13' title="bbox 282 2099 1461 2198">
     <span class='ocr_line' id='line_1_15' title="bbox 282 2099 1461 2198; baseline 0 -29"><span class='ocrx_word' id='word_1_103' title='bbox 282 2173 285 2184; x_wconf 56' lang='lat'>,</span> <span class='ocrx_word' id='word_1_104' title='bbox 370 2122 505 2170; x_wconf 93' lang='lat' dir='ltr'>norum</span> <span class='ocrx_word' id='word_1_105' title='bbox 525 2101 571 2170; x_wconf 94' lang='lat' dir='ltr'>ad</span> <span class='ocrx_word' id='word_1_106' title='bbox 591 2110 767 2173; x_wconf 88' lang='lat' dir='ltr'>montana</span> <span class='ocrx_word' id='word_1_107' title='bbox 794 2102 1054 2198; x_wconf 77' lang='lat' dir='ltr'>confugerant,</span> <span class='ocrx_word' id='word_1_108' title='bbox 1081 2107 1127 2174; x_wconf 91' lang='lat' dir='ltr'>de</span> <span class='ocrx_word' id='word_1_109' title='bbox 1156 2100 1342 2172; x_wconf 87' lang='lat' dir='ltr'>montanis</span> <span class='ocrx_word' id='word_1_110' title='bbox 1368 2099 1461 2196; x_wconf 91' lang='lat' dir='ltr'>ipsis</span> 
     </span>
    </p>

    <p class='ocr_par' dir='ltr' id='par_1_14' title="bbox 370 2200 1460 2299">
     <span class='ocr_line' id='line_1_16' title="bbox 370 2200 1460 2299; baseline 0.002 -29"><span class='ocrx_word' id='word_1_111' title='bbox 370 2200 596 2272; x_wconf 90' lang='lat' dir='ltr'>Panormum</span> <span class='ocrx_word' id='word_1_112' title='bbox 624 2203 746 2274; x_wconf 90' lang='lat' dir='ltr'>redire</span> <span class='ocrx_word' id='word_1_113' title='bbox 773 2203 897 2299; x_wconf 81' lang='lat' dir='ltr'>coegit</span> <span class='ocrx_word' id='word_1_114' title='bbox 926 2204 1083 2299; x_wconf 77' lang='lat' dir='ltr'>invitos,</span> <span class='ocrx_word' id='word_1_115' title='bbox 1111 2213 1222 2299; x_wconf 89' lang='lat' dir='ltr'>atque</span> <span class='ocrx_word' id='word_1_116' title='bbox 1249 2211 1289 2272; x_wconf 91' lang='lat' dir='ltr'>nt</span> <span class='ocrx_word' id='word_1_117' title='bbox 1313 2209 1460 2272; x_wconf 89' lang='lat' dir='ltr'>ceteros</span> 
     </span>
    </p>

    <p class='ocr_par' dir='ltr' id='par_1_15' title="bbox 372 2300 1461 2397">
     <span class='ocr_line' id='line_1_17' title="bbox 372 2300 1461 2397; baseline 0.002 -27"><span class='ocrx_word' id='word_1_118' title='bbox 372 2300 478 2397; x_wconf 89' lang='lat' dir='ltr'>regni</span> <span class='ocrx_word' id='word_1_119' title='bbox 507 2302 664 2375; x_wconf 87' lang='lat' dir='ltr'>comites</span> <span class='ocrx_word' id='word_1_120' title='bbox 694 2313 732 2375; x_wconf 90' lang='lat' dir='ltr'>et</span> <span class='ocrx_word' id='word_1_121' title='bbox 757 2307 917 2376; x_wconf 88' lang='lat' dir='ltr'>barones</span> <span class='ocrx_word' id='word_1_122' title='bbox 943 2308 987 2377; x_wconf 89' lang='lat' dir='ltr'>ad</span> <span class='ocrx_word' id='word_1_123' title='bbox 1009 2327 1116 2378; x_wconf 89' lang='lat' dir='ltr'>suam</span> <span class='ocrx_word' id='word_1_124' title='bbox 1136 2301 1352 2376; x_wconf 86' lang='lat' dir='ltr'>fidelitatem</span> <span class='ocrx_word' id='word_1_125' title='bbox 1374 2325 1461 2374; x_wconf 91' lang='lat' dir='ltr'>con·</span> 
     </span>
    </p>

    <p class='ocr_par' dir='ltr' id='par_1_16' title="bbox 245 2402 1461 2500">
     <span class='ocr_line' id='line_1_18' title="bbox 245 2402 1461 2500; baseline -0.001 -27"><span class='ocrx_word' id='word_1_126' title='bbox 245 2483 260 2499; x_wconf 11' lang='grc' dir='ltr'>,ἱ</span> <span class='ocrx_word' id='word_1_127' title='bbox 371 2413 535 2474; x_wconf 91' lang='lat' dir='ltr'>verteret</span> <span class='ocrx_word' id='word_1_128' title='bbox 560 2413 597 2474; x_wconf 89' lang='lat' dir='ltr'>et</span> <span class='ocrx_word' id='word_1_129' title='bbox 624 2407 856 2499; x_wconf 90' lang='lat' dir='ltr'>mandatum,</span> <span class='ocrx_word' id='word_1_130' title='bbox 884 2406 1035 2500; x_wconf 79' lang='lat' dir='ltr'>regales</span> <span class='ocrx_word' id='word_1_131' title='bbox 1061 2404 1191 2476; x_wconf 85' lang='lat' dir='ltr'>effudit</span> <span class='ocrx_word' id='word_1_132' title='bbox 1210 2427 1316 2500; x_wconf 91' lang='lat' dir='ltr'>opes,</span> <span class='ocrx_word' id='word_1_133' title='bbox 1345 2412 1382 2474; x_wconf 90' lang='lat' dir='ltr'>et</span> <span class='ocrx_word' id='word_1_134' title='bbox 1400 2402 1461 2474; x_wconf 92' lang='lat' dir='ltr'>diu</span> 
     </span>
    </p>

    <p class='ocr_par' dir='ltr' id='par_1_17' title="bbox 370 2504 1460 2602">
     <span class='ocr_line' id='line_1_19' title="bbox 370 2504 1460 2602; baseline -0.002 -27"><span class='ocrx_word' id='word_1_135' title='bbox 370 2514 542 2575; x_wconf 83' lang='lat' dir='ltr'>servatas</span> <span class='ocrx_word' id='word_1_136' title='bbox 571 2514 630 2576; x_wconf 91' lang='lat' dir='ltr'>est</span> <span class='ocrx_word' id='word_1_137' title='bbox 655 2529 769 2577; x_wconf 91' lang='lat' dir='ltr'>ausus</span> <span class='ocrx_word' id='word_1_138' title='bbox 798 2505 975 2601; x_wconf 88' lang='lat' dir='ltr'>frangere</span> <span class='ocrx_word' id='word_1_139' title='bbox 1002 2531 1129 2602; x_wconf 81' lang='lat' dir='ltr'>gazas.</span> <span class='ocrx_word' id='word_1_140' title='bbox 1182 2505 1250 2576; x_wconf 90' lang='lat' dir='ltr'>Hic</span> <span class='ocrx_word' id='word_1_141' title='bbox 1269 2504 1460 2598; x_wconf 87' lang='lat' dir='ltr'>Ryccardo</span> 
     </span>
    </p>

    <p class='ocr_par' dir='ltr' id='par_1_18' title="bbox 369 2605 1459 2702">
     <span class='ocr_line' id='line_1_20' title="bbox 369 2605 1459 2702; baseline 0.001 -28"><span class='ocrx_word' id='word_1_142' title='bbox 369 2606 593 2676; x_wconf 88' lang='lat' dir='ltr'>Acerrarum</span> <span class='ocrx_word' id='word_1_143' title='bbox 622 2605 760 2702; x_wconf 92' lang='lat' dir='ltr'>comiti,</span> <span class='ocrx_word' id='word_1_144' title='bbox 789 2605 893 2678; x_wconf 86' lang='lat' dir='ltr'>ouius</span> <span class='ocrx_word' id='word_1_145' title='bbox 921 2629 1028 2678; x_wconf 92' lang='lat' dir='ltr'>soror</span> <span class='ocrx_word' id='word_1_146' title='bbox 1053 2631 1121 2679; x_wconf 87' lang='lat' dir='ltr'>sua</span> <span class='ocrx_word' id='word_1_147' title='bbox 1150 2607 1280 2677; x_wconf 87' lang='lat' dir='ltr'>coniux</span> <span class='ocrx_word' id='word_1_148' title='bbox 1310 2614 1390 2676; x_wconf 91' lang='lat' dir='ltr'>erat</span> <span class='ocrx_word' id='word_1_149' title='bbox 1415 2609 1459 2675; x_wconf 87' lang='lat' dir='ltr'>‹le</span> 
     </span>
    </p>

    <p class='ocr_par' dir='ltr' id='par_1_19' title="bbox 370 2705 1460 2805">
     <span class='ocr_line' id='line_1_21' title="bbox 370 2705 1460 2805; baseline -0.002 -28"><span class='ocrx_word' id='word_1_150' title='bbox 370 2730 442 2802; x_wconf 91' lang='lat' dir='ltr'>qua</span> <span class='ocrx_word' id='word_1_151' title='bbox 470 2705 663 2802; x_wconf 88' lang='lat' dir='ltr'>geminam</span> <span class='ocrx_word' id='word_1_152' title='bbox 691 2718 913 2805; x_wconf 84' lang='lat' dir='ltr'>susceperat</span> <span class='ocrx_word' id='word_1_153' title='bbox 939 2708 1096 2805; x_wconf 91' lang='lat' dir='ltr'>prolem,</span> <span class='ocrx_word' id='word_1_154' title='bbox 1124 2707 1202 2779; x_wconf 88' lang='lat' dir='ltr'>auri</span> <span class='ocrx_word' id='word_1_155' title='bbox 1223 2706 1363 2779; x_wconf 89' lang='lat' dir='ltr'>talenta</span> <span class='ocrx_word' id='word_1_156' title='bbox 1385 2705 1460 2802; x_wconf 87' lang='lat' dir='ltr'>plu—</span> 
     </span>
    </p>

    <p class='ocr_par' dir='ltr' id='par_1_20' title="bbox 369 2807 1461 2908">
     <span class='ocr_line' id='line_1_22' title="bbox 369 2807 1461 2908; baseline -0.001 -31"><span class='ocrx_word' id='word_1_157' title='bbox 369 2807 463 2878; x_wconf 90' lang='lat' dir='ltr'>rima</span> <span class='ocrx_word' id='word_1_158' title='bbox 484 2810 729 2904; x_wconf 86' lang='lat' dir='ltr'>expendenda</span> <span class='ocrx_word' id='word_1_159' title='bbox 745 2809 974 2904; x_wconf 69' lang='lat' dir='ltr'>transmittit,</span> <span class='ocrx_word' id='word_1_160' title='bbox 994 2809 1127 2908; x_wconf 89' lang='lat' dir='ltr'>quibus</span> <span class='ocrx_word' id='word_1_161' title='bbox 1147 2833 1280 2880; x_wconf 84' lang='lat' dir='ltr'>omnes</span> <span class='ocrx_word' id='word_1_162' title='bbox 1301 2811 1346 2878; x_wconf 86' lang='lat' dir='ltr'>de</span> <span class='ocrx_word' id='word_1_163' title='bbox 1363 2807 1461 2878; x_wconf 88' lang='lat' dir='ltr'>Prin-</span> 
     </span>
    </p>

    <p class='ocr_par' dir='ltr' id='par_1_21' title="bbox 371 2905 1462 3007">
     <span class='ocr_line' id='line_1_23' title="bbox 371 2905 1462 3007; baseline 0 -29"><span class='ocrx_word' id='word_1_164' title='bbox 371 2907 493 3005; x_wconf 88' lang='lat' dir='ltr'>cipatu</span> <span class='ocrx_word' id='word_1_165' title='bbox 516 2919 552 2979; x_wconf 89' lang='lat' dir='ltr'>et</span> <span class='ocrx_word' id='word_1_166' title='bbox 565 2918 669 2979; x_wconf 87' lang='lat' dir='ltr'>terra</span> <span class='ocrx_word' id='word_1_167' title='bbox 688 2908 843 2982; x_wconf 89' lang='lat' dir='ltr'>Laboris</span> <span class='ocrx_word' id='word_1_168' title='bbox 863 2911 986 2984; x_wconf 89' lang='lat' dir='ltr'>eidem</span> <span class='ocrx_word' id='word_1_169' title='bbox 1006 2911 1110 3007; x_wconf 90' lang='lat' dir='ltr'>regni</span> <span class='ocrx_word' id='word_1_170' title='bbox 1132 2908 1338 2982; x_wconf 82' lang='lat' dir='ltr'>contrarios</span> <span class='ocrx_word' id='word_1_171' title='bbox 1359 2905 1462 2978; x_wconf 86' lang='lat' dir='ltr'>llexit</span> 
     </span>
    </p>

    <p class='ocr_par' dir='ltr' id='par_1_22' title="bbox 370 3008 1460 3207">
     <span class='ocr_line' id='line_1_24' title="bbox 370 3008 1460 3106; baseline 0 -27"><span class='ocrx_word' id='word_1_172' title='bbox 370 3012 414 3080; x_wconf 88' lang='lat' dir='ltr'>ad</span> <span class='ocrx_word' id='word_1_173' title='bbox 437 3012 653 3080; x_wconf 88' lang='lat' dir='ltr'>mandatum</span> <span class='ocrx_word' id='word_1_174' title='bbox 673 3008 802 3106; x_wconf 89' lang='lat' dir='ltr'>ipsius.</span> <span class='ocrx_word' id='word_1_175' title='bbox 852 3010 955 3083; x_wconf 89' lang='lat' dir='ltr'>Tunc</span> <span class='ocrx_word' id='word_1_176' title='bbox 978 3021 1015 3084; x_wconf 87' lang='lat' dir='ltr'>et</span> <span class='ocrx_word' id='word_1_177' title='bbox 1034 3011 1221 3084; x_wconf 83' lang='lat' dir='ltr'>Roll&#39;ridns</span> <span class='ocrx_word' id='word_1_178' title='bbox 1242 3009 1460 3085; x_wconf 88' lang='lat' dir='ltr'>Casinensis</span> 
     </span>
     <span class='ocr_line' id='line_1_25' title="bbox 370 3109 837 3207; baseline 0.006 -26"><span class='ocrx_word' id='word_1_179' title='bbox 370 3113 485 3182; x_wconf 93' lang='lat' dir='ltr'>abbas</span> <span class='ocrx_word' id='word_1_180' title='bbox 504 3109 574 3205; x_wconf 94' lang='lat' dir='ltr'>ipsi</span> <span class='ocrx_word' id='word_1_181' title='bbox 594 3111 673 3207; x_wconf 88' lang='lat' dir='ltr'>regi</span> <span class='ocrx_word' id='word_1_182' title='bbox 692 3111 837 3184; x_wconf 90' lang='lat' dir='ltr'>iuravit.</span> 
     </span>
    </p>

    <p class='ocr_par' dir='ltr' id='par_1_23' title="bbox 366 3210 1461 4117">
     <span class='ocr_line' id='line_1_26' title="bbox 443 3210 1461 3311; baseline -0.001 -29"><span class='ocrx_word' id='word_1_183' title='bbox 443 3212 531 3282; x_wconf 85' lang='lat' dir='ltr'>Erat</span> <span class='ocrx_word' id='word_1_184' title='bbox 558 3235 601 3282; x_wconf 87' lang='lat' dir='ltr'>ea</span> <span class='ocrx_word' id='word_1_185' title='bbox 627 3222 856 3311; x_wconf 86' lang='lat' dir='ltr'>tempestate</span> <span class='ocrx_word' id='word_1_186' title='bbox 880 3213 916 3284; x_wconf 89' lang='lat' dir='ltr'>in</span> <span class='ocrx_word' id='word_1_187' title='bbox 936 3213 1068 3311; x_wconf 86' lang='lat' dir='ltr'>Apulie</span> <span class='ocrx_word' id='word_1_188' title='bbox 1095 3212 1229 3284; x_wconf 83' lang='lat' dir='ltr'>linibus</span> <span class='ocrx_word' id='word_1_189' title='bbox 1250 3210 1461 3306; x_wconf 86' lang='lat' dir='ltr'>Roggerius</span> 
     </span>
     <span class='ocr_line' id='line_1_27' title="bbox 369 3310 1459 3413; baseline -0.005 -31"><span class='ocrx_word' id='word_1_190' title='bbox 369 3311 517 3410; x_wconf 89' lang='lat' dir='ltr'>quidam</span> <span class='ocrx_word' id='word_1_191' title='bbox 544 3312 682 3386; x_wconf 87' lang='lat' dir='ltr'>Andrie</span> <span class='ocrx_word' id='word_1_192' title='bbox 709 3338 853 3410; x_wconf 81' lang='lat' dir='ltr'>comes,</span> <span class='ocrx_word' id='word_1_193' title='bbox 880 3314 941 3413; x_wconf 89' lang='lat' dir='ltr'>qui</span> <span class='ocrx_word' id='word_1_194' title='bbox 970 3337 1012 3386; x_wconf 86' lang='lat' dir='ltr'>se</span> <span class='ocrx_word' id='word_1_195' title='bbox 1040 3337 1114 3384; x_wconf 93' lang='lat' dir='ltr'>non</span> <span class='ocrx_word' id='word_1_196' title='bbox 1142 3315 1337 3408; x_wconf 87' lang='lat' dir='ltr'>reputabat</span> <span class='ocrx_word' id='word_1_197' title='bbox 1364 3310 1459 3380; x_wconf 88' lang='lat' dir='ltr'>dicto</span> 
     </span>
     <span class='ocr_line' id='line_1_28' title="bbox 368 3409 1461 3513; baseline -0.006 -29"><span class='ocrx_word' id='word_1_198' title='bbox 368 3437 460 3512; x_wconf 89' lang='lat' dir='ltr'>rege</span> <span class='ocrx_word' id='word_1_199' title='bbox 480 3412 710 3513; x_wconf 79' lang='lat' dir='ltr'>inferiorem,</span> <span class='ocrx_word' id='word_1_200' title='bbox 738 3441 823 3488; x_wconf 91' lang='lat' dir='ltr'>cum</span> <span class='ocrx_word' id='word_1_201' title='bbox 847 3427 1019 3509; x_wconf 89' lang='lat' dir='ltr'>tempore</span> <span class='ocrx_word' id='word_1_202' title='bbox 1037 3412 1234 3484; x_wconf 87' lang='lat' dir='ltr'>memorati</span> <span class='ocrx_word' id='word_1_203' title='bbox 1254 3411 1354 3504; x_wconf 85' lang='lat' dir='ltr'>regis</span> <span class='ocrx_word' id='word_1_204' title='bbox 1375 3409 1461 3480; x_wconf 92' lang='lat' dir='ltr'>Gui-</span> 
     </span>
     <span class='ocr_line' id='line_1_29' title="bbox 366 3509 1459 3613; baseline -0.005 -29"><span class='ocrx_word' id='word_1_205' title='bbox 366 3513 482 3586; x_wconf 88' lang='lat' dir='ltr'>lielmi</span> <span class='ocrx_word' id='word_1_206' title='bbox 508 3515 621 3590; x_wconf 89' lang='lat' dir='ltr'>totius</span> <span class='ocrx_word' id='word_1_207' title='bbox 650 3517 757 3613; x_wconf 86' lang='lat' dir='ltr'>regni</span> <span class='ocrx_word' id='word_1_208' title='bbox 777 3516 959 3610; x_wconf 90' lang='lat' dir='ltr'>magister</span> <span class='ocrx_word' id='word_1_209' title='bbox 976 3512 1195 3585; x_wconf 89' lang='lat' dir='ltr'>iustitiarins</span> <span class='ocrx_word' id='word_1_210' title='bbox 1216 3511 1338 3594; x_wconf 85' lang='lat' dir='ltr'>fuerit,</span> <span class='ocrx_word' id='word_1_211' title='bbox 1367 3509 1459 3581; x_wconf 90' lang='lat' dir='ltr'>etin</span> 
     </span>
     <span class='ocr_line' id='line_1_30' title="bbox 367 3611 1460 3714; baseline -0.005 -27"><span class='ocrx_word' id='word_1_212' title='bbox 367 3616 498 3712; x_wconf 83' lang='lat' dir='ltr'>Apulia</span> <span class='ocrx_word' id='word_1_213' title='bbox 525 3617 679 3714; x_wconf 89' lang='lat' dir='ltr'>plenum</span> <span class='ocrx_word' id='word_1_214' title='bbox 707 3628 795 3688; x_wconf 90' lang='lat' dir='ltr'>tnnc</span> <span class='ocrx_word' id='word_1_215' title='bbox 814 3613 1245 3688; x_wconf 86' lang='lat' dir='ltr'>dominiumexerceret.</span> <span class='ocrx_word' id='word_1_216' title='bbox 1298 3611 1367 3683; x_wconf 88' lang='lat' dir='ltr'>Hic</span> <span class='ocrx_word' id='word_1_217' title='bbox 1385 3611 1460 3682; x_wconf 85' lang='lat' dir='ltr'>telo</span> 
     </span>
     <span class='ocr_line' id='line_1_31' title="bbox 368 3711 1461 3814; baseline -0.005 -25"><span class='ocrx_word' id='word_1_218' title='bbox 368 3739 573 3814; x_wconf 84' lang='lat' dir='ltr'>percussus</span> <span class='ocrx_word' id='word_1_219' title='bbox 589 3717 725 3789; x_wconf 83' lang='lat' dir='ltr'>invidie</span> <span class='ocrx_word' id='word_1_220' title='bbox 741 3719 787 3788; x_wconf 89' lang='lat' dir='ltr'>de</span> <span class='ocrx_word' id='word_1_221' title='bbox 803 3714 984 3786; x_wconf 75' lang='lat' dir='ltr'>&#39;l&#39;ancredi</span> <span class='ocrx_word' id='word_1_222' title='bbox 1005 3713 1151 3786; x_wconf 89' lang='lat' dir='ltr'>comitis</span> <span class='ocrx_word' id='word_1_223' title='bbox 1169 3713 1403 3813; x_wconf 90' lang='lat' dir='ltr'>promotione</span> <span class='ocrx_word' id='word_1_224' title='bbox 1422 3711 1461 3784; x_wconf 91' lang='lat' dir='ltr'>in</span> 
     </span>
     <span class='ocr_line' id='line_1_32' title="bbox 368 3814 1460 3914; baseline -0.004 -25"><span class='ocrx_word' id='word_1_225' title='bbox 368 3831 513 3914; x_wconf 87' lang='lat' dir='ltr'>regem,</span> <span class='ocrx_word' id='word_1_226' title='bbox 534 3818 679 3914; x_wconf 86' lang='lat' dir='ltr'>sibique</span> <span class='ocrx_word' id='word_1_227' title='bbox 697 3821 856 3895; x_wconf 90' lang='lat' dir='ltr'>subesse</span> <span class='ocrx_word' id='word_1_228' title='bbox 876 3814 1097 3912; x_wconf 86' lang='lat' dir='ltr'>dedignans,</span> <span class='ocrx_word' id='word_1_229' title='bbox 1117 3827 1246 3889; x_wconf 87' lang='lat' dir='ltr'>contra</span> <span class='ocrx_word' id='word_1_230' title='bbox 1263 3815 1388 3912; x_wconf 87' lang='lat' dir='ltr'>ipsum</span> <span class='ocrx_word' id='word_1_231' title='bbox 1402 3837 1460 3886; x_wconf 51' lang='lat' dir='ltr'>sea</span> 
     </span>
     <span class='ocr_line' id='line_1_33' title="bbox 367 3915 1461 4014; baseline -0.006 -22"><span class='ocrx_word' id='word_1_232' title='bbox 367 3920 509 3992; x_wconf 87' lang='lat' dir='ltr'>ditione</span> <span class='ocrx_word' id='word_1_233' title='bbox 526 3920 638 4013; x_wconf 86' lang='lat' dir='ltr'>lacta,</span> <span class='ocrx_word' id='word_1_234' title='bbox 666 3921 816 3990; x_wconf 87' lang='lat' dir='ltr'>turbare</span> <span class='ocrx_word' id='word_1_235' title='bbox 836 3921 882 3990; x_wconf 91' lang='lat' dir='ltr'>ad</span> <span class='ocrx_word' id='word_1_236' title='bbox 902 3941 988 3990; x_wconf 85' lang='lat' dir='ltr'>eum</span> <span class='ocrx_word' id='word_1_237' title='bbox 1008 3941 1216 3991; x_wconf 88' lang='lat' dir='ltr'>conversos</span> <span class='ocrx_word' id='word_1_238' title='bbox 1235 3941 1303 4014; x_wconf 93' lang='lat' dir='ltr'>pro</span> <span class='ocrx_word' id='word_1_239' title='bbox 1321 3915 1461 3987; x_wconf 85' lang='lat' dir='ltr'>viribus</span> 
     </span>
     <span class='ocr_line' id='line_1_34' title="bbox 368 4017 1461 4117; baseline -0.005 -25"><span class='ocrx_word' id='word_1_240' title='bbox 368 4020 467 4117; x_wconf 89' lang='lat' dir='ltr'>cepit</span> <span class='ocrx_word' id='word_1_241' title='bbox 494 4017 673 4116; x_wconf 89' lang='lat' dir='ltr'>misitque</span> <span class='ocrx_word' id='word_1_242' title='bbox 698 4017 843 4091; x_wconf 90' lang='lat' dir='ltr'>concito</span> <span class='ocrx_word' id='word_1_243' title='bbox 870 4023 915 4093; x_wconf 93' lang='lat' dir='ltr'>ad</span> <span class='ocrx_word' id='word_1_244' title='bbox 939 4019 1143 4092; x_wconf 86' lang='lat' dir='ltr'>Henricum</span> <span class='ocrx_word' id='word_1_245' title='bbox 1162 4017 1386 4090; x_wconf 86' lang='lat' dir='ltr'>Alamannie</span> <span class='ocrx_word' id='word_1_246' title='bbox 1405 4039 1461 4086; x_wconf 90' lang='lat' dir='ltr'>re-</span> 
     </span>
    </p>

    <p class='ocr_par' dir='ltr' id='par_1_24' title="bbox 266 4115 1461 4424">
     <span class='ocr_line' id='line_1_35' title="bbox 266 4115 1460 4218; baseline -0.004 -27"><span class='ocrx_word' id='word_1_247' title='bbox 266 4213 268 4216; x_wconf 19' lang='lat'>·</span> <span class='ocrx_word' id='word_1_248' title='bbox 367 4143 468 4218; x_wconf 89' lang='lat' dir='ltr'>gom,</span> <span class='ocrx_word' id='word_1_249' title='bbox 496 4122 591 4216; x_wconf 91' lang='lat' dir='ltr'>quod</span> <span class='ocrx_word' id='word_1_250' title='bbox 618 4119 762 4192; x_wconf 83' lang='lat' dir='ltr'>veniret</span> <span class='ocrx_word' id='word_1_251' title='bbox 776 4121 840 4194; x_wconf 79' lang='lat' dir='ltr'>nel</span> <span class='ocrx_word' id='word_1_252' title='bbox 859 4121 1039 4216; x_wconf 86' lang='lat' dir='ltr'>mitteret,</span> <span class='ocrx_word' id='word_1_253' title='bbox 1065 4144 1224 4218; x_wconf 85' lang='lat' dir='ltr'>regnum</span> <span class='ocrx_word' id='word_1_254' title='bbox 1245 4118 1370 4190; x_wconf 90' lang='lat' dir='ltr'>Sicilie</span> <span class='ocrx_word' id='word_1_255' title='bbox 1391 4115 1460 4189; x_wconf 92' lang='lat' dir='ltr'>sibi</span> 
     </span>
     <span class='ocr_line' id='line_1_36' title="bbox 367 4215 1461 4321; baseline -0.005 -29"><span class='ocrx_word' id='word_1_256' title='bbox 367 4221 449 4292; x_wconf 90' lang='lat' dir='ltr'>iore</span> <span class='ocrx_word' id='word_1_257' title='bbox 473 4221 600 4294; x_wconf 88' lang='lat' dir='ltr'>uxoris</span> <span class='ocrx_word' id='word_1_258' title='bbox 627 4221 834 4319; x_wconf 85' lang='lat' dir='ltr'>pertinens,</span> <span class='ocrx_word' id='word_1_259' title='bbox 863 4225 959 4321; x_wconf 89' lang='lat' dir='ltr'>quod</span> <span class='ocrx_word' id='word_1_260' title='bbox 980 4223 1196 4294; x_wconf 84' lang='lat' dir='ltr'>Tancredus</span> <span class='ocrx_word' id='word_1_261' title='bbox 1223 4243 1352 4291; x_wconf 87' lang='lat' dir='ltr'>comes</span> <span class='ocrx_word' id='word_1_262' title='bbox 1371 4215 1461 4290; x_wconf 89' lang='lat' dir='ltr'>Licii</span> 
     </span>
     <span class='ocr_line' id='line_1_37' title="bbox 366 4319 1461 4424; baseline -0.005 -31"><span class='ocrx_word' id='word_1_263' title='bbox 366 4333 628 4419; x_wconf 90' lang='lat' dir='ltr'>usurpaverat,</span> <span class='ocrx_word' id='word_1_264' title='bbox 647 4333 879 4420; x_wconf 89' lang='lat' dir='ltr'>recepturus.</span> <span class='ocrx_word' id='word_1_265' title='bbox 918 4323 988 4411; x_wconf 85' lang='lat' dir='ltr'>Qui</span> <span class='ocrx_word' id='word_1_266' title='bbox 1009 4326 1150 4424; x_wconf 89' lang='lat' dir='ltr'>absque</span> <span class='ocrx_word' id='word_1_267' title='bbox 1171 4345 1275 4393; x_wconf 90' lang='lat' dir='ltr'>more</span> <span class='ocrx_word' id='word_1_268' title='bbox 1297 4319 1461 4418; x_wconf 81' lang='lat' dir='ltr'>periculo</span> 
     </span>
    </p>
   </div>
   <div class='ocr_carea' id='block_1_5' title="bbox 0 0 1668 5022">
    <p class='ocr_par' dir='ltr' id='par_1_25' title="bbox 0 0 1668 5022">
     <span class='ocr_line' id='line_1_38' title="bbox 0 0 1668 5022; baseline 0 1"><span class='ocrx_word' id='word_1_269' title='bbox 0 0 1668 5022; x_wconf 95' lang='lat' dir='ltr'> </span> 
     </span>
    </p>
   </div>
  </div>
 </body>
</html>
