3352 5026
431 427 499 494 144
628 416 911 491 RYCCARDUS
938 417 999 488 DE
1027 417 1064 489 S.
1092 416 1322 490 Germano

428 621 497 693 rati
525 619 649 718 posuit
677 628 800 690 castra
829 641 916 712 ειη,
951 616 1195 713 Campaniam
1228 618 1366 688 intrare
1399 618 1523 714 dispo

428 746 534 794 nens.
572 720 693 806 Quam
714 743 786 790 non
808 717 968 812 intravit
995 742 1086 789 usus
1107 717 1262 789 consilio
1283 717 1435 812 saniori,
1463 727 1523 789 set

427 847 496 921 per
515 822 648 894 Soram
669 830 706 892 et
692 819 902 891 tbdarsiam
929 772 1094 891 direxit
1085 843 1122 888 m
1141 820 1294 890 Anoone
1314 818 1522 890 marchiam

428 946 585 1020 gressus
606 945 706 992 snos,

504 1025 556 1096 Eo
570 1045 702 1092 mense
713 1020 878 1090 Thomas
895 1017 1014 1090 dictus
1026 1019 1161 1090 Molisii
1176 1043 1304 1091 comes
1321 1020 1418 1115 apud
1431 1018 1523 1114 Spo-

429 1121 558 1194 letum
552 1145 658 1219 que
679 1144 721 1192 se
739 1143 807 1216 pro
828 1143 924 1216 papa
943 1123 1108 1216 tenebat
1136 1143 1221 1191 cum
1240 1121 1410 1192 ducentis
1431 1117 1524 1189 mili-

428 1224 526 1296 tibus
543 1249 562 1294 a
578 1247 675 1319 papa
692 1219 872 1316 dirigitur.
889 1219 1072 1292 Henrieus
1084 1245 1150 1291 rex
1163 1221 1401 1316 imperatoris
1413 1219 1525 1313 filius,

428 1335 555 1396 tentus
575 1323 611 1394 in
631 1345 742 1392 rocca
757 1319 884 1394 Sancti
898 1320 1029 1393 Felicis
1045 1321 1081 1392 in
1092 1321 1242 1432 ’Apulia⁷
1262 1322 1298 1392 in
1315 1319 1524 1394 Calabriam

433 1424 698 1496 custodiendus
715 1424 812 1520 apud
826 1421 1099 1493 Neooastrum
1089 1446 1195 1494 iussu
1211 1421 1327 1519 patris
1344 1421 1525 1517 dirigitur.

432 1536 470 1598 et
489 1525 621 1596 exinde
642 1533 731 1620 aput
749 1523 1004 1593 Martoranum
1024 1523 1164 1594 missus
1186 1532 1253 1594 est.

505 1627 636 1696 Mense
657 1623 735 1695 lulii
756 1633 854 1719 pert
840 1632 959 1692 totum
978 1645 1139 1719 regnum
1157 1622 1262 1695 iussu
1286 1622 1447 1718 imperat
1449 1619 1524 1691 oris

434 1729 478 1796 ab
510 1725 581 1796 hiis
613 1723 785 1796 omnibus
815 1722 947 1818 quibus
974 1746 1042 1819 per
1069 1723 1249 1795 officiales
1283 1747 1371 1794 suos
1403 1721 1527 1818 aliqua

433 1827 538 1898 fuere
558 1823 762 1896 commissa
783 1821 917 1912 officia
938 1832 1039 1894 certa
1060 1823 1220 1919 exigitur
1238 1823 1396 1920 pecunie
1412 1847 1526 1919 quan-

434 1925 540 2021 titas3
563 1934 600 1996 et
617 1935 707 1995 tunc
726 1923 874 2020 quidam
895 1924 940 1994 de
960 1922 1097 1995 Sancto
1117 1925 1305 1995 Germano
1326 1947 1393 2020 per
1412 1947 1527 2019 quen·

434 2028 519 2096 dam
539 2023 785 2098 Octavianum
806 2024 972 2096 Siculum
1001 2024 1115 2095 taxati
1139 2025 1288 2096 fuerunt
1313 2023 1349 2094 in
1370 2027 1443 2098 200
1463 2047 1527 2093 un-

435 2125 511 2197 cias
532 2125 622 2196 auri.

509 2225 724 2322 Stephanus
753 2223 971 2296 Casinensis
998 2229 1112 2298 abbas
1141 2249 1299 2298 movens
1323 2227 1368 2296 de
1389 2224 1527 2296 Sancto

435 2327 624 2399 Germano
658 2329 702 2398 ad
734 2325 1022 2422 imperatorem,
1062 2327 1123 2422 qui
1156 2337 1235 2399 erat
1266 2327 1303 2396 in
1336 2323 1529 2397 obsidione

434 2427 574 2520 Asculi7
602 2427 638 2496 in
658 2426 863 2496 Marehiam
883 2426 994 2496 vadit.

511 2529 651 2598 Eodem
669 2550 801 2597 mense
816 2527 919 2598 iussu
937 2525 1121 2622 capitanei
1136 2527 1172 2597 in
1189 2527 1326 2600 Sancto
1340 2527 1531 2598 Germano

439 2637 563 2698 certus
592 2626 748 2697 militum
770 2650 949 2698 numerus
970 2638 1231 2722 congregatur.
1281 2629 1384 2700 Tunc
1404 2635 1533 2697 amoto

439 2731 484 2799 de
500 2751 609 2800 rocca
625 2727 753 2798 lanule
769 2727 965 2799 Guilielmo
982 2731 1027 2799 de
1043 2727 1203 2825 Spinosa
1220 2729 1437 2822 castellano,
1453 2726 1534 2822 qui-

439 2832 525 2900 dam
544 2828 731 2900 lohannes
752 2830 797 2900 de
817 2827 1083 2900 Trentenariaa
1102 2853 1171 2925 per
1187 2829 1453 2926 imperatorem
1475 2837 1536 2898 est

441 2939 602 3001 statutus
617 2929 653 2999 in
671 2952 725 2999 ea.
755 2930 962 3041 Imperator
977 2939 1099 3000 castra
1112 2953 1179 3000 sua
1190 2954 1349 3001 movens
1362 2930 1535 3000 abAscu-

439 3030 489 3122 lo7
515 3028 700 3124 processit
718 3051 853 3100 versus
874 3029 1061 3100 civitatem
1076 3029 1113 3100 F
1105 3054 1301 3124 rrrnanam7
1322 3055 1340 3100 a
1362 3053 1434 3126 quo
1451 3029 1535 3101 Ste-

440 3130 588 3226 phanus
610 3127 827 3202 Casinensis
857 3132 970 3200 abbas
998 3153 1082 3200 cum
1108 3129 1225 3226 ipsius
1248 3130 1371 3202 licent
1347 3141 1396 3200 tra
1416 3129 1538 3202 disce·

441 3231 548 3323 dens,
567 3225 737 3299 infirmus
758 3231 803 3299 ad
823 3228 1023 3300 eeclesiam
1044 3253 1151 3301 suam
1173 3231 1292 3303 sancti
1305 3230 1456 3302 Liberat
1441 3228 1538 3301 toris

442 3353 484 3402 se
513 3328 680 3424 contulit
708 3328 768 3400 ubi
798 3331 918 3401 donec
946 3330 1134 3401 convaluit
1119 3340 1303 3403 tmoram
1330 3331 1428 3403 fecit.
1480 3329 1539 3401 Eo

442 3453 576 3502 mense
601 3383 732 3526 oapius
761 3440 820 3502 est
846 3429 953 3502 iussu
979 3431 1214 3558 imperatoris
1242 3431 1425 3528 magister
1442 3431 1542 3524 Ray-

443 3531 576 3602 naldus
597 3533 641 3601 de
662 3531 791 3622 Cayra.

517 3631 648 3701 Mense
679 3630 839 3742 Augusti
875 3630 1005 3702 civitas
1041 3631 1310 3704 Beneventana
1346 3631 1546 3704 obsidetur

442 3754 550 3802 russu
563 3729 813 3828 imperatoris
840 3732 1144 3830 imperatorrpse
1159 3731 1545 3805 crvrtatemFaventre

444 3841 523 3902 arct
508 3841 563 3902 tat
582 3841 620 3902 et
637 3829 792 3902 obsidet.

518 3930 651 4003 Mense
664 3929 897 4044 Septembris
912 3932 1153 4027 galeeVenet
1155 3933 1454 4006 iediscurrentes
1470 3955 1549 4027 per
1661 3963 1662 4032 p

444 4053 605 4126 regnum
624 4031 659 4102 in
681 4030 805 4103 odium
825 4030 1076 4128 imperatoria,
1103 4035 1300 4106 Termulas
1319 4035 1474 4104 Vestam
1507 4042 1552 4104 et
1661 4033 1662 4058 ³

446 4133 627 4222 quasdam
647 4133 739 4204 alias
755 4131 921 4228 Apuliet
923 4157 1027 4206 erras
1048 4135 1255 4230 capientes,
1274 4137 1553 4205 destruxerunt

447 4250 470 4319 a)
491 4250 640 4307 Trentenar
660 4271 682 4308 o.
