3352 5026
412 431 463 502 80
618 425 899 502 RYCCARDUS
927 427 987 499 DE
1014 427 1051 500 S.
1079 426 1309 500 Germano

413 625 515 699 riis³¹
548 625 778 700 sufficienter
803 627 950 700 mittere
976 625 1226 722 nequivisset,
1262 625 1416 723 quilibet
1441 651 1510 721 pro

415 727 590 800 facultate
610 752 678 801 sua
697 731 829 800 barcas
848 727 886 798 in
905 737 1012 825 portu
1027 728 1256 798 Acconitano
1274 737 1509 800 oneraverat.

414 828 482 900 Set
505 837 648 902 mutato
674 851 762 901 aere
790 838 828 900 et
844 833 990 900 turbato
1011 828 1118 923 mari,
1145 838 1248 900 tanta
1268 827 1389 900 subito
1415 837 1509 898 tem·

414 937 544 1026 pestas
568 927 763 1022 inhorruit
790 939 831 1000 ut
853 928 1020 1000 vascella
1045 952 1130 1000 cum
1150 927 1371 1002 victualibus
1392 927 1508 998 nulla-

413 1037 526 1100 tenus
552 1031 597 1101 ad
626 1028 832 1101 exercitum
856 1028 944 1099 ferri
972 1039 1148 1126 possent.
1184 1038 1222 1100 et
1253 1053 1338 1101 cum
1371 1025 1509 1102 Christi

415 1127 602 1201 exercitus
627 1129 664 1200 in
690 1129 808 1202 multa
834 1128 1021 1202 anxietate
1045 1139 1135 1200 tunc
1154 1139 1271 1224 esset
1296 1129 1385 1200 fere
1395 1151 1509 1199 omne

347 1251 348 1254 ’
417 1227 615 1304 consilium
631 1229 817 1319 exercitus
831 1228 907 1301 iam
922 1228 1207 1342 desperabiliter
1217 1181 1511 1322 mirrmurantes,

415 1328 467 1400 nil
486 1328 582 1400 aliud
604 1352 808 1444 superesse
827 1330 1016 1426 videbant³
1041 1353 1154 1426 quam
1173 1329 1211 1400 in
1229 1331 1334 1402 Acon
1353 1331 1510 1400 redeun-

416 1430 538 1501 dum.
570 1428 641 1517 Qui
664 1430 781 1506 dum
771 1455 808 1502 rn
826 1430 891 1502 tali
911 1440 1041 1504 essent
1059 1429 1273 1502 discrimine
1292 1429 1415 1528 positi,
1442 1427 1511 1500 rni-

417 1527 579 1606 sericors
606 1541 644 1604 et
667 1531 867 1605 miserator
889 1530 1086 1627 Dominus,
1113 1531 1175 1628 qui
1199 1530 1288 1603 lacit
1313 1539 1400 1644 post
1416 1539 1511 1601 tem-

343 1648 399 1693 m>
369 1640 604 1756 ²apestatem
623 1631 864 1729 tranquillum
885 1641 922 1704 et
940 1654 1058 1729 prope
1073 1641 1133 1704 est
1146 1631 1344 1704 omnibus
1334 1653 1511 1703 lnvooan-

339 1705 555 1802 ³t'ibus
546 1753 688 1827 ipsum,
724 1741 899 1804 serenato
931 1756 1019 1804 mox
1046 1755 1155 1828 aere⁷
1190 1755 1295 1804 mare
1326 1731 1511 1804 tumidum

416 1829 576 1928 pacavit
591 1840 769 1945 tantaque
784 1856 934 1904 navium
946 1843 983 1904 et
993 1836 1190 1905 barcarum
1203 1833 1397 1904 multitudo
1408 1829 1512 1903 vemt

416 1932 572 2027 loppen‚
598 1941 639 2002 ut
664 1931 786 2004 omnis
812 1932 982 2006 defectus
1006 1933 1109 2030 prius
1128 1933 1305 2007 habitus
1296 1958 1333 2004 m
1352 1931 1511 2029 plenitu-

327 2075 329 2080 ·
418 2031 544 2103 dinem
563 2031 731 2104 omnium
749 2035 1052 2106 necessariorum
1073 2043 1110 2105 et
1124 2033 1416 2106 habundantiam
1431 2056 1512 2104 mu-

418 2141 570 2202 taretur.
622 2133 677 2205 Ab
696 2133 757 2204 illo
748 2143 947 2231 ternpore
966 2134 1121 2206 ulterius
1139 2143 1283 2206 tantam
1302 2133 1391 2206 lecit
1406 2133 1512 2204 Deus

420 2231 517 2303 aeris
532 2233 769 2345 temperiem⁷
784 2244 825 2305 ut
838 2233 1096 2307 indifferenter
1111 2243 1148 2306 et
1158 2258 1297 2348 magna
1310 2244 1346 2306 et
1356 2232 1513 2304 minima

419 2333 611 2403 vascella
602 2346 699 2404 irten
726 2345 762 2405 et
789 2323 954 2406 redirelnt
971 2359 1040 2431 per
1057 2357 1177 2429 mare⁷
1202 2335 1254 2406 ita
1273 2337 1369 2431 quod
1389 2332 1513 2405 omnis

420 2433 525 2528 copia
559 2434 861 2506 necessariorum
892 2435 928 2506 in
961 2445 1060 2508 terra
1093 2459 1247 2532 semper
1283 2445 1341 2508 est
1376 2432 1513 2507 habita.

420 2533 524 2604 Tunc
540 2536 584 2604 de
601 2533 789 2604 communi
805 2535 972 2608 omniurn
986 2536 1139 2608 consilio
1152 2546 1258 2648 cepta
1271 2545 1358 2608 sunt
1369 2531 1515 2607 edificia

422 2631 533 2705 castri
548 2633 717 2747 loppcn
708 2659 745 2705 m
761 2634 938 2708 fossatis
929 2647 965 2708 et
980 2636 1095 2708 muris
1112 2659 1152 2707 er
1154 2635 1313 2733 rgend1s‚
1333 2637 1428 2732 quod
1445 2633 1517 2706 erit

421 2733 695 2805 memorialem
717 2759 827 2807 evum
848 2759 948 2808 omni
941 2735 1240 2830 christianitati,
1259 2735 1343 2833 quia
1363 2758 1432 2833 per
1446 2733 1516 2807 Dei

422 2833 582 2929 gratiam
610 2858 655 2907 ex
680 2835 793 2907 nimia
820 2837 1019 2908 devotione
1045 2847 1083 2908 et
1107 2835 1245 2909 affectu
1266 2860 1379 2934 quem
1397 2835 1516 2931 impe·

423 2945 524 3004 rator
551 2944 588 3005 et
615 2936 738 3006 omnis
765 2937 924 3032 populus
954 2936 1049 3008 circa
1082 2937 1181 3010 idem
1213 2961 1308 3035 opus
1340 2939 1516 3031 habebat,
1573 2989 1576 2996 -

424 3044 461 3104 et
484 3034 676 3106 laborabat
662 3035 938 3108 tincessanter
963 3047 1040 3109 tota
1019 3039 1144 3130 odie,
1173 3049 1259 3110 ante
1289 3035 1516 3110 dominicam

424 3143 535 3230 caput
550 3137 837 3246 quadragesime
853 3161 972 3234 usque
988 3141 1082 3210 adeo
1098 3138 1166 3210 furt
1174 3149 1402 3234 promotum,
1418 3139 1517 3234 quod

425 3259 444 3304 a
473 3233 653 3331 principio
682 3260 751 3307 sue
777 3237 1025 3311 inchoationis
1051 3263 1242 3336 nunquam
1275 3239 1392 3311 extitit
1421 3240 1517 3309 adeo

426 3334 577 3406 forteet
596 3338 862 3414 benefactum
894 3341 1039 3412 lnterea
1059 3363 1149 3410 vero
1168 3343 1256 3412 dum
1272 3340 1344 3412 hec
1358 3338 1517 3412 sollicite

387 3517 390 3521 ,
425 3446 641 3532 agerentur,
660 3439 776 3510 nuntii
797 3439 941 3512 soldani
959 3451 994 3512 et
1007 3439 1264 3553 imperatoris·
1260 3439 1520 3513 indifferenter

331 3629 334 3636 .
424 3535 749 3633 hammoniaco,
776 3550 982 3612 tractantes
1002 3543 1047 3612 de
1067 3545 1164 3612 bono
1182 3540 1286 3638 pacis
1306 3551 1344 3613 et
1365 3562 1519 3613 concor-

426 3635 495 3706 die
544 3637 730 3714 Soldanus
756 3663 844 3711 vero
869 3640 969 3711 idern
995 3650 1032 3711 et
1059 3640 1230 3712 frater
1199 3665 1293 3753 erus7
1321 3641 1383 3738 qui
1407 3664 1519 3712 voca-

426 3740 534 3808 batur
552 3737 707 3833 Sa1·,cch
736 3763 821 3810 cum
844 3740 1103 3814 innumerabili
1132 3741 1297 3814 exercitu
1323 3741 1423 3813 iuxta
1447 3740 1517 3812 Ga-

427 3861 554 3909 zcram
579 3839 752 3910 iacebant
776 3843 821 3911 ad
847 3864 959 3912 unam
988 3841 1146 3954 dietam
1180 3853 1217 3913 et
1244 3842 1422 3914 soldanus
1446 3842 1519 3914 Da-

428 3938 546 4010 masci
567 3962 650 4009 cum
671 3963 739 4010 suo
759 3964 897 4036 magno
918 3942 1081 4013 exercitu
1100 3953 1181 4013 erat
1195 3952 1285 4039 aput
1298 3941 1520 4039 Neapolym‚

429 4064 495 4135 per
522 4063 634 4110 unam
662 4039 832 4112 similiter
850 4041 987 4112 dietam
1014 4041 1157 4115 distans
1177 4047 1222 4114 ab
1242 4044 1406 4116 exercitu
1427 4042 1521 4114 chri·

428 4141 567 4232 stian05
584 4143 715 4212 etdum
728 4143 773 4213 de
785 4141 1362 4216 restitutionetractareturterre
1375 4152 1522 4234 sancte,

428 4257 478 4337 31)
503 4257 521 4318 i.
547 4277 575 4336 q.
599 4256 770 4331 originariis,
795 4258 882 4336 equis
906 4257 1086 4324 clitellariis.
