3352 5026
423 429 471 499 ro
623 397 905 498 arceamus
931 419 993 495 oa
1022 425 1058 496 s.
1087 421 1317 499 aaaunuo

496 625 703 721 Gregorius
725 649 821 721 papa
848 647 870 694 a
889 621 1007 696 Reate
1027 621 1240 720 discedens,
1268 625 1370 698 vadit
1387 627 1519 724 Spole*

422 737 501 800 tum
522 737 559 798 et
578 725 713 799 exinde
732 724 937 796 Perusiam.

496 827 703 924 Imperator
721 827 818 922 apud
837 824 1087 896 Brundusium
1108 847 1151 896 se
1171 820 1383 920 conferens
1411 849 1518 897 mare

421 929 552 1022 intrat,
581 937 618 998 et
645 927 743 1024 apud
770 925 949 997 Sanctum
976 927 1164 996 Andream
1190 928 1235 997 de
1261 925 1384 998 insula
1408 925 1518 999 iussit
1652 1009 1657 1014 ¹

423 1027 549 1099 omnia
566 1026 714 1122 navigia
729 1037 858 1122 parata
875 1028 920 1098 ad
935 1024 1134 1097 transitum
1152 1027 1371 1121 convenire3
1392 1051 1436 1097 ac
1455 1051 1518 1098 ex·

356 1219 357 1222 Ἴ
422 1129 508 1204 inde
536 1127 743 1198 Ydrontum
776 1127 982 1222 navigans,
1016 1125 1175 1198 feliciter
1205 1127 1300 1197 ultra
1334 1151 1437 1198 mare
1469 1131 1515 1200 ad

423 1227 543 1301 crucis
571 1227 794 1340 obsequium
819 1226 1095 1322 transfretavit3
1130 1226 1190 1299 ubi
1219 1227 1304 1323 quid
1334 1227 1454 1323 egerit
1478 1239 1517 1299 et
1596 1313 1599 1317 .

422 1327 606 1426 qualiter
598 1353 635 1398 m
653 1338 753 1398 tene
774 1338 905 1400 sancte
924 1329 1208 1424 recuperatione
1223 1327 1436 1424 profecerit
1457 1353 1516 1400 se

422 1453 541 1526 quens
561 1427 671 1499 lectio
690 1428 904 1501 declarabit.

498 1529 702 1624 Gregorius
718 1553 814 1626 papa
830 1551 962 1600 mense
978 1527 1056 1598 lolii
1073 1531 1118 1599 de
1135 1521 1287 1599 Perusio
1304 1527 1404 1599 vadit
1412 1479 1516 1601 Asci·

422 1629 534 1724 sium,
554 1629 614 1700 ubi
633 1630 787 1700 fratrem
806 1631 832 1700 F
835 1651 1059 1722 ranciscum,
1078 1627 1262 1699 Minorum
1282 1629 1438 1700 fratrum
1457 1654 1515 1702 or

422 1729 516 1801 dinis
536 1729 785 1823 inventorem,
812 1739 965 1827 propter
990 1731 1062 1801 duo
1082 1753 1154 1825 que
1173 1730 1316 1803 fecerat
1335 1729 1515 1802 miracula

421 1831 459 1900 iu
485 1839 629 1926 aperto,
655 1828 692 1899 in
722 1853 810 1901 ceco
837 1829 1010 1901 videlicet
1036 1853 1108 1899 uno
1137 1839 1173 1900 et
1201 1831 1351 1923 claudo,
1380 1830 1513 1926 quibus

421 1930 544 2002 visum
566 1940 603 2000 et
621 1953 796 2025 gressum
816 1929 1038 2025 reddiderat,
1067 1929 1315 2024 canonizavit3
1343 1941 1381 2001 et
1404 1931 1514 2003 Peru-

422 2031 521 2104 sium
548 2030 710 2124 rediens„
738 2029 785 2103 ibi
811 2029 1108 2102 anniversarium
1130 2029 1330 2126 magnifice
1350 2031 1516 2104 celebrat

419 2131 623 2203 Innocentii
642 2155 739 2228 pape
758 2130 1041 2229 predecessoris
1060 2131 1127 2202 sui.

494 2233 635 2302 Eodem
661 2255 792 2304 mense
812 2231 890 2303 lolii
911 2255 1020 2304 mons
1037 2231 1132 2303 lsole
1152 2235 1359 2304 subversus
1377 2241 1446 2324 est,
1475 2242 1515 2304 ct

420 2331 568 2428 operuit
585 2332 622 2402 in
642 2332 828 2405 casalibus
849 2337 917 2405 sub
937 2355 982 2403 eo
1002 2335 1184 2428 degentes
1201 2333 1279 2405 fere
1294 2332 1513 2430 septingen-

419 2441 478 2504 tos
498 2432 671 2504 homines
690 2432 788 2504 inter
806 2433 906 2504 viros
925 2443 963 2504 et
982 2433 1171 2504 mulieres.

494 2533 625 2604 Mense
656 2532 815 2628 Augusti
846 2533 985 2606 Marius
1014 2532 1210 2630 Rapistrus
1243 2533 1360 2606 cessit
1390 2531 1512 2604 officio

334 2631 336 2634 ’
381 2645 382 2648 ’
419 2632 691 2728 iustitiariatuS‚
709 2634 982 2729 et-Stephanus
1002 2635 1048 2705 de
1063 2633 1234 2730 Anglone
1254 2645 1292 2706 et
1310 2634 1512 2706 Pandulfus

419 2735 465 2804 da
483 2732 628 2830 Aquino
648 2734 837 2808 substituti
856 2745 943 2807 sunt
960 2733 1011 2806 illi
1029 2737 1078 2806 de
1095 2735 1270 2808 mandato
1295 2733 1399 2806 ducis
1418 2734 1511 2830 Spo-

419 2832 493 2905 leti.
537 2833 608 2920 Qui
636 2837 681 2906 de
700 2835 832 2932 Apulia
850 2835 1090 2906 Introducum
1109 2835 1221 2929 vadit,
1248 2844 1289 2907 et
1310 2857 1444 2907 omnes
1464 2837 1512 2907 de

419 2957 537 3032 regno
563 2933 737 3007 sollicitat
763 2935 986 3029 infeudatos,
1015 2945 1054 3006 ut
1079 2937 1124 3006 ad
1150 2960 1236 3007 eum
1262 2938 1401 3006 vadant
1425 2959 1511 3006 cum

419 3033 575 3106 exfortio
604 3059 672 3106 suo
701 3036 746 3106 ad
772 3036 1008 3108 dominorum
1038 3035 1168 3133 Popliti
1196 3035 1390 3108 rebellium
1424 3059 1511 3107 con·

419 3133 620 3226 fusionem7
635 3135 697 3230 qui
713 3157 755 3207 se
770 3145 900 3208 contra
915 3135 1181 3234 imperatorem
1193 3137 1229 3206 in
1241 3135 1511 3234 Capitinnano·

417 3245 651 3332 receperant.
702 3237 847 3309 interea
874 3236 1080 3334 imperialis
1105 3237 1291 3309 exercitus
1317 3237 1417 3334 capit
1434 3247 1510 3308 tur-

416 3357 498 3406 rem
516 3337 564 3406 de
584 3335 741 3408 Aenaria
763 3347 801 3410 et
818 3349 957 3410 terram
977 3339 1178 3434 quamdam
1196 3341 1243 3408 de
1263 3361 1360 3409 novo
1380 3347 1511 3410 contra

414 3436 683 3532 imperatorem
709 3436 915 3558 firmatam,
949 3461 1062 3534 quam
1090 3447 1205 3510 totam
1232 3439 1509 3510 destruxerunt

415 3532 630 3628 Raynaldus
647 3540 719 3610 dux
734 3532 875 3636 Spolbti
894 3563 979 3610 oum
1000 3538 1181 3650 imperiali
1202 3549 1315 3633 gente
1334 3538 1508 3620 dominos

415 3635 583 3732 Popliti
575 3661 611 3708 m
639 3637 885 3736 Capitinnano
914 3637 1075 3733 obsidet3
1104 3637 1165 3736 qui
1194 3661 1278 3710 cum
1307 3663 1349 3712 se
1377 3652 1508 3711 tenere

415 3759 491 3808 non
519 3748 689 3834 possent
716 3751 872 3837 accepta
896 3743 941 3812 ab
968 3763 1014 3810 eo
1041 3740 1241 3811 securitate
1267 3742 1313 3812 de
1334 3739 1507 3836 personis

417 3847 457 3909 et
472 3842 583 3910 rebus
603 3837 696 3932 suis,
713 3861 757 3912 aa
777 3843 874 3936 apud
894 3841 1010 3912 Reate
1029 3840 1276 3920 contulerunt.
1310 3841 1415 3912 Tunc
1433 3843 1508 3911 dux

415 3937 497 4034 ipse
517 3937 748 4010 Marchiam
740 3950 863 4036 intrat
891 3965 935 4012 ac
957 3939 1153 4013 Bertoldus
1173 3941 1338 4012 frater
1307 3964 1388 4012 erus
1408 3939 1507 4011 circa

414 4037 549 4109 Nursie
568 4037 798 4135 provinciam
818 3995 997 4112 remanet.
1042 4040 1114 4128 Qui
1133 4052 1298 4112 castrum
1306 4043 1507 4154 quoddam

415 4139 513 4233 quod
529 4137 650 4212 Brusa
669 4139 800 4214 dicitur
819 4141 887 4215 sibi
906 4142 1046 4214 rebelle
1065 4141 1248 4214 destruxit
1250 4141 1436 4239 eiusque
1455 4165 1508 4212 m-

414 4259 438 4326 a)
459 4255 620 4328 Capitinam
638 4278 661 4314 c.
