3352 5026
418 412 468 483 oo
622 405 904 481 nrccnnous
929 405 992 478 un
1019 405 1055 479 s.
1079 369 1314 479 'coruino

906 602 1030 694 1230.

493 744 624 815 Mense
652 740 811 812 Ianuarii
836 739 1042 838 imperator
1067 763 1135 836 per
1154 740 1341 837 quendam
1359 739 1517 812 fratrem

418 845 640 917 Senbolturn
656 845 701 912 de
718 843 827 912 domo
843 839 1132 912 Teutonicorurn
1154 840 1308 912 mandat
1326 839 1423 912 dicto
1443 840 1517 912 fra·

418 945 463 1017 tri
473 945 670 1016 Leonardo
683 941 914 1039 procuratori
927 940 1137 1035 Casinensi7
1152 941 1281 1013 relicto
1293 965 1317 1012 a
1333 941 1518 1038 magistro

418 1047 551 1117 domus
572 1041 875 1138 Teutonioorurn,
895 1053 935 1113 ut
954 1045 999 1113 de
1019 1041 1157 1114 Sancto
1177 1043 1366 1116 Germano
1387 1051 1424 1113 et
1439 1041 1516 1113 alia

349 1229 350 1232 Ἴ
417 1157 516 1218 terra
535 1143 756 1216 monasterii
776 1147 825 1216 40
845 1143 1003 1240 eligeret
1028 1141 1202 1214 homines
1230 1144 1275 1214 ad
1304 1143 1516 1214 custodiam

419 1243 636 1317 monasterii
665 1241 893 1316 Casinensis
946 1242 1017 1331 Qui
1049 1243 1154 1315 iussu
1182 1242 1421 1340 imperatoris
1447 1267 1517 1315 eos

419 1345 547 1442 elegit,
567 1353 806 1416 sacramento
826 1347 872 1417 ab
892 1344 946 1415 eis
966 1343 1123 1442 prestito
1141 1347 1213 1416 sub
1232 1343 1305 1414 hac
1321 1343 1464 1415 forma:

493 1447 570 1542 Epo
598 1444 683 1516 lulis
707 1447 787 1516 iuro
807 1443 859 1516 nd
874 1443 938 1518 leec
957 1451 1086 1517 conclu
1105 1443 1173 1516 Dei
1190 1443 1391 1538 ennnpelin⁷
1418 1443 1519 1538 qnod

418 1548 464 1618 ne
482 1547 587 1618 hodie
605 1548 641 1616 in
661 1551 768 1616 unleu
787 1545 936 1632 fideliler
953 1544 1154 1616 custodiam
1174 1550 1207 1616 el
1223 1543 1362 1616 sulcum
1376 1545 1516 1630 fudam

418 1647 675 1718 monasterium
714 1645 923 1738 Cannense,
963 1667 1143 1738 personas
1176 1643 1435 1715 monoclerum
1482 1650 1517 1714 el

418 1747 585 1836 oliorum,
614 1747 674 1840 qui
687 1767 758 1838 pro
774 1750 881 1838 purte
893 1747 1065 1840 mopinri
1082 1745 1213 1816 domne
1227 1743 1515 1818 Alamannorum

417 1850 453 1918 in
471 1845 521 1916 'eu
545 1845 677 1930 fuerint
700 1847 899 1936 'constituta
936 1852 970 1916 et
995 1861 1198 1916 receerunt
1232 1851 1267 1916 el
1295 1842 1515 1916 ruennclerr‘i.

418 1947 497 2019 Non
517 1969 577 2017 ero
595 1947 632 2016 in
648 1947 749 2030 facto
766 1945 916 2016 venolio
934 1945 990 2018 ael
1006 1967 1192 2039 concerno,
1209 1942 1365 2040 puuliler
1377 1947 1413 2016 ln
1428 1945 1517 2016 ulle-

418 2049 493 2119 rins
519 2043 847 2138 deveneramus,
872 2067 937 2116 nec
963 2069 1027 2138 epo
1046 2045 1134 2116 illud
1150 2045 1314 2137 reddum,
1342 2045 1517 2140 quamdiu

417 2145 576 2219 cusiodie
601 2145 807 2238 depuratum
831 2151 883 2217 eol
900 2148 1066 2242 mopiolri
1083 2145 1212 2218 donnus
1232 2145 1516 2237 Tenlnnieomm,

418 2253 452 2319 el
469 2271 534 2342 epo
553 2247 602 2318 ibi
618 2269 797 2318 mansero.

493 2363 702 2462 imperator
719 2365 766 2435 de
784 2363 912 2460 Capua
933 2385 975 2436 se
995 2385 1153 2436 movens
1174 2385 1309 2434 versus
1328 2361 1515 2460 Apuliam,

418 2475 509 2562 aput
536 2464 738 2560 Melphiam
765 2461 878 2557 vadit,
906 2465 966 2537 ubi
994 2467 1038 2536 all
1068 2487 1154 2535 eum
1180 2465 1321 2535 radunt
1345 2461 1514 2560 Reginus

418 2564 727 2662 archiepiscopus
753 2573 791 2635 et
817 2563 938 2637 dictus
965 2563 1254 2636 Teutonicorum
1284 2563 1467 2662 magister
1492 2587 1513 2634 a

419 2665 586 2738 Romana
613 2665 713 2736 curia
740 2667 955 2760 redeuntes,
983 2665 1044 2762 qui
1072 2665 1267 2736 etiterum
1284 2663 1393 2737 missi
1411 2687 1434 2736 a
1453 2687 1515 2736 ee·

420 2791 520 2860 sare,
540 2768 585 2838 ad
605 2789 741 2864 papam
763 2769 903 2837 vadunt
924 2791 1056 2838 mense
1074 2763 1247 2838 ianuarii.

496 2876 1515 2979 MenseFebruarii„primodiernensis‘eiusdem9Rome

420 2983 574 3076 'lyboris
589 2981 723 3054 fluvius
739 3007 807 3080 per
820 2981 1046 3055 alluvionem
1062 2985 1290 3080 usqueadeo
1309 2983 1517 3077 inundavit⁷

420 3086 517 3180 quod
538 3083 734 3180 occupavit
752 3086 798 3157 de
817 3083 990 3157 domibus
1003 3083 1112 3156 Urbis
1133 3107 1251 3181 usquc
1271 3086 1315 3156 ad
1333 3083 1513 3156 Sanctum

421 3186 571 3256 Petrum
599 3193 636 3254 et
664 3207 782 3280 usque
809 3187 854 3256 ad
881 3184 1059 3256 Sanctum
1087 3183 1260 3279 Paulum3
1297 3187 1393 3282 quod
1421 3184 1514 3256 tanti

422 3308 535 3358 causa
563 3284 706 3356 timoris
736 3283 914 3357 Romanis
941 3284 1113 3358 omuibus
1140 3284 1270 3381 extitit&
1299 3295 1338 3356 ut
1362 3309 1447 3356 mox
1468 3287 1516 3356 de
1543 3293 1546 3296 ’

421 3385 609 3458 communi
632 3383 800 3480 consilio,
820 3396 923 3458 metu
944 3385 1087 3480 mortis7
1108 3385 1299 3458 dominum
1315 3409 1451 3482 papam
1468 3387 1515 3457 erl

419 3487 558 3560 Urbem
574 3489 618 3558 de
635 3485 787 3559 Perusio
806 3497 1038 3558 revocarent.
1071 3485 1320 3581 Oui'rediens,
1339 3511 1357 3556 a
1380 3497 1515 3557 senatu

422 3587 635 3684 populoque
651 3587 819 3659 Romano
839 3586 980 3683 ingenti
1001 3611 1085 3658 curn
1101 3585 1237 3682 gaudio
1253 3597 1312 3658 est
1322 3597 1515 3684 receptus.

497 3706 663 3800 Reginus
680 3704 989 3802 archiepiscopus
1011 3715 1047 3778 et
1067 3704 1249 3800 magister
1262 3707 1400 3778 aloinus
1420 3705 1516 3778 Teu·

420 3805 628 3878 lonicorum
655 3807 700 3876 ab
727 3805 824 3878 Urbe
854 3808 897 3877 ad
925 3829 1095 3879 cesarem
1122 3815 1374 3902 revertuntur7
1400 3829 1515 3902 quem

418 3909 519 4004 apud
539 3905 732 3980 Precinanr
753 3905 958 3978 inveniunt.

495 4026 635 4096 Eodem
656 4047 801 4112 mcum
834 4025 981 4122 quidam
1010 4024 1191 4122 magister
1218 4023 1440 4099 Guilielmus
1463 4026 1516 4096 ne

422 4126 547 4221 Capua
574 4124 1011 4221 imperatoris·notar·iuS‚
1038 4125 1141 4198 uenit
1158 4126 1204 4196 ad
1224 4125 1403 4199 Sanctum
1424 4124 1517 4198 Ger·

421 4248 573 4295 manum
602 4249 687 4295 curn
715 4225 846 4298 litteris
872 4226 1145 4324 imperialiber
1179 4235 1218 4296 ut
1245 4226 1276 4297 si
1303 4225 1385 4324 quis
1411 4235 1517 4300 esset
