3352 5026
530 419 568 490 Α.
599 421 705 492 1236.
736 421 842 494 1237.
1163 420 1230 492 131

146 645 245 716 eum,
273 619 407 716 quibus
434 617 654 691 denuntiant
680 617 904 690 electionem
931 616 1110 690 canonice
1138 619 1234 692 celc-

144 727 287 794 bratam
321 723 367 792 de
395 719 510 790 fratre
538 718 717 792 Pandulfo
746 721 791 790 de
815 719 953 792 Sancto
977 717 1170 815 Stephano
1198 719 1234 792 in

143 825 315 895 abbatem
349 819 607 892 Casinensem.
660 821 802 892 Eodem
839 842 972 892 mense
1008 817 1236 916 imperatore

144 924 347 994 mandante
374 920 564 1016 generalis
592 920 748 992 collecta
771 944 840 1018 per
858 930 978 994 totum
996 943 1156 1016 regnum
1176 943 1237 992 ex·

144 1022 154 1093 i
184 1021 265 1094 itur.

158 1046 183 1118 g
219 1122 349 1194 Mense
367 1120 515 1218 Aprelis
535 1121 717 1217 magister
735 1123 868 1194 domus
889 1123 1180 1198 Teutonicorum
1201 1130 1239 1194 et

143 1222 327 1320 magister
349 1221 481 1294 Petrus
510 1224 556 1294 de
581 1222 696 1294 Vinea
721 1221 828 1294 missi
854 1225 899 1294 ab
924 1223 1166 1321 imperatore,
1192 1223 1238 1296 ad

146 1347 285 1421 papam
304 1322 458 1394 veniunt
476 1345 543 1420 pro
562 1321 661 1393 facto
679 1322 912 1396 Lombardie.
944 1325 1084 1396 Eodem
1104 1346 1239 1396 mense

147 1448 220 1522 pax
242 1423 278 1494 in
305 1423 403 1495 Urbe
431 1423 636 1494 reformata
655 1432 723 1494 est.

220 1524 353 1596 Mense
368 1523 478 1595 llladii
492 1525 717 1596 Acerrarum
732 1546 862 1595 comes
882 1533 920 1595 et
937 1524 1122 1621 magister
1138 1521 1240 1594 iusti-

145 1623 276 1696 tiarius
315 1627 360 1696 ab
399 1623 626 1721 imperatore
664 1625 710 1695 de
745 1623 968 1698 Alamannia
1006 1625 1165 1698 redeunt
1202 1621 1240 1694 in

146 1747 318 1820 regnum.
348 1725 479 1796 Frater
496 1723 625 1797 Simon
645 1726 691 1796 de
710 1723 956 1798 Presentiano
977 1736 1014 1799 et
1031 1726 1148 1799 frater
1160 1723 1241 1798 Ste-

146 1826 295 1923 phanus
315 1824 487 1898 similiter
504 1829 551 1898 de
569 1824 790 1900 Alamannia
816 1829 977 1900 redeunt
1003 1851 1089 1900 cum
1107 1823 1241 1900 litteris

148 1926 387 2024 imperatoris
420 1949 535 2024 super
566 1926 664 1998 facto
697 1926 891 2001 electionis
923 1929 1021 2002 facte
1053 1931 1098 2001 de
1125 1928 1241 2000 fratre

147 2027 346 2123 Pandulfo,
374 2030 419 2098 ad
445 2025 679 2122 archiepisco
709 2050 752 2098 os
779 2028 1085 2100 Panormitanum
1112 2039 1149 2100 et
1174 2029 1242 2103 Ca·

148 2151 316 2224 puanum
335 2150 500 2198 necnon
520 2136 559 2197 et
575 2051 842 2200 Ravellensem
861 2127 1083 2226 episcopum
1100 2127 1243 2224 missis,

149 2249 219 2324 per
245 2249 339 2321 quos
368 2224 558 2296 certiorari
583 2225 774 2298 desiderat
798 2229 845 2300 de
873 2226 1097 2301 sufficientia
1124 2227 1243 2326 ipsius

152 2323 272 2398 electi.
308 2326 450 2398 Eodem
470 2348 604 2398 mense
627 2326 815 2400 lohannes
834 2331 881 2402 de
900 2328 990 2423 Poly
1008 2337 1162 2403 senator
1177 2329 1244 2401 Ur·

150 2425 206 2501 bis
232 2425 353 2498 factus
382 2434 458 2522 est3
492 2425 691 2500 etiterum
718 2426 755 2500 in
785 2427 866 2501 eius
894 2428 1021 2503 odium
1048 2427 1181 2504 seditio
1206 2427 1244 2502 in

151 2528 250 2602 Urbe
265 2536 345 2599 orta
362 2537 430 2600 est.
462 2524 643 2624 Magister
657 2531 790 2602 domus
806 2529 1096 2604 Teutonicorum
1111 2556 1132 2604 a
1146 2553 1246 2630 papa

152 2632 197 2702 ad
223 2627 491 2726 imperatorem
510 2628 719 2701 revertitur.
771 2629 980 2729 Episcopus
1000 2631 1188 2706 Ostiensis
1209 2641 1247 2706 et

152 2731 317 2802 Thomas
333 2730 534 2827 Capuanus
548 2728 644 2800 tituli
659 2729 797 2804 Sancte
812 2731 949 2804 Sabine
967 2733 1154 2830 presbiter
1168 2755 1247 2804 car·

153 2830 285 2902 dinalis
305 2829 421 2926 legati
440 2832 484 2902 ad
505 2829 773 2927 imperatorem
790 2834 932 2904 vadunt
950 2857 996 2904 ex
1014 2843 1120 2930 parte
1138 2857 1247 2931 pape.

228 2931 361 3004 Mense
389 2930 481 3003 lunii
510 2929 630 3003 dictus
663 2931 778 3003 frater
808 2931 937 3006 Simon
967 2957 1037 3031 per
1068 2935 1248 3006 domnum

155 3031 395 3104 Guilielmum
411 3034 456 3104 de
467 3031 605 3106 Sancto
616 3033 851 3127 Fraymundo
866 3043 966 3106 terre
976 3033 1131 3108 Laboris
1146 3032 1249 3108 iusti·

152 3131 317 3229 darium,
335 3143 558 3206 remanente
577 3157 709 3207 secum
727 3133 766 3205 in
779 3135 939 3207 rectoria
953 3135 1068 3208 fratre
1082 3136 1249 3208 lohanne

155 3233 292 3304 Cazolo
320 3244 358 3304 et
383 3237 525 3308 duobus
553 3235 634 3307 aliis
663 3235 823 3307 cassatis
850 3236 1080 3332 rectoribus,
1106 3235 1251 3310 scilicet

155 3334 271 3404 fratre
290 3333 433 3405 loliano
457 3345 495 3407 et
512 3335 628 3406 fratre
647 3335 833 3408 Robberto
860 3336 906 3408 de
931 3337 1099 3432 Foresta‚
1126 3346 1251 3409 rector

157 3431 376 3505 Casinensis
391 3433 582 3506 institutus
598 3445 666 3506 est.
694 3433 766 3522 Qui
776 3435 1030 3510 fraterSimon
1042 3447 1131 3535 aput
1139 3436 1249 3510 Avel-

154 3531 273 3602 linum
291 3535 434 3605 vadens
453 3537 498 3606 ad
518 3535 689 3608 dominos
710 3536 811 3609 curie
831 3537 1079 3636 supradictos,
1106 3536 1168 3634 qui
1186 3536 1251 3611 ibi·

157 3635 244 3704 dem
273 3645 546 3731 convenerant,
574 3636 734 3733 optinuit
760 3641 805 3709 ab
834 3639 909 3736 eis,
938 3649 978 3711 ut
1003 3663 1071 3738 pro
1098 3637 1251 3734 inquisi-

157 3737 259 3807 tione
277 3733 447 3807 faoienda
467 3739 512 3809 de
531 3759 695 3834 persona
714 3737 934 3812 Casinensis
960 3739 1069 3812 electi
1088 3737 1251 3834 mittere,

159 3859 271 3935 quem
286 3835 438 3931 vellent,
459 3839 655 3934 deberent3
676 3839 737 3936 qui
752 3841 797 3913 ad
813 3840 885 3912 hoo
899 3840 1112 3914 faciendum
1129 3837 1251 3912 virum

159 3937 356 4036 providum
381 3936 541 4010 iudicem
561 3939 750 4011 Taddeum
778 3943 824 4012 de
850 3941 993 4015 Suessa
1021 3963 1160 4038 magne
1185 3939 1252 4014 im-

159 4037 310 4135 perialis
332 4037 434 4110 curie
452 4038 613 4111 iudicem
634 4040 841 4136 elegerunt.
926 4119 928 4124 ,

234 4141 366 4212 Mense
385 4139 464 4212 lulii
483 4139 641 4213 veniens
660 4141 759 4214 idem
779 4140 889 4214 iudex
907 4145 953 4216 ad
968 4141 1148 4217 Sanctum
1163 4140 1253 4216 Ger·

161 4263 311 4312 manum
339 4245 385 4314 de
412 4243 587 4315 mandato
613 4241 864 4340 predictorum
893 4243 1149 4341 dominorum,
1175 4253 1253 4316 tam
