3352 5026
439 407 486 478 82
641 402 924 476 RYCCARDUS
952 403 1012 474 DE
1041 403 1077 474 S.
1106 401 1336 474 GERMANO

439 615 569 676 sancte
595 603 863 675 dissolveretur
889 601 1094 698 negotium
1122 605 1167 673 ad
1188 605 1283 698 quod
1304 601 1387 697 ipse
1415 603 1533 700 impe-

439 716 539 777 rator
572 728 637 800 pro
673 703 811 775 viribus
847 703 1086 775 incumbebat
1121 713 1157 773 et
1187 703 1422 797 intendebat,
1459 704 1531 799 ipsi

439 803 1531 902 exercituisuper'leutonicosetLongobardosmagistrum

438 909 571 978 domus
600 905 888 978 Teutonicorum
924 915 960 976 et
985 927 1100 1000 super
1124 903 1298 975 homines
1326 927 1531 1000 regnorum

440 1006 672 1078 lherusalem
702 1015 737 1077 et
765 1005 862 1101 Cipri
883 1005 1114 1098 Ryccardum
1133 1003 1383 1099 Filangerium
1411 1029 1532 1075 mare-

360 1189 361 1192 *
439 1107 606 1178 scalcum
634 1130 744 1178 suum
773 1117 810 1177 et
831 1107 1015 1218 quendam
1037 1105 1232 1177 Oddonem
1253 1107 1299 1176 de
1318 1105 1421 1176 lllont
1406 1115 1443 1176 te
1462 1105 1533 1177 Be·

438 1207 554 1279 liardo
583 1207 740 1304 prefecit
768 1207 984 1303 capitaneos
1013 1216 1050 1276 et
1075 1208 1268 1298 ductores·
1296 1215 1334 1276 et
1358 1209 1404 1277 ob
1433 1207 1532 1276 hanc

439 1331 592 1378 causam
610 1307 810 1378 soldanus
802 1331 884 1403 ipse
899 1331 983 1377 cum
1000 1305 1114 1378 sciret
1116 1305 1250 1402 ipsum
1258 1261 1531 1402 imperatorem

438 1409 502 1480 tali
526 1407 608 1480 odio
635 1412 686 1480 ab
708 1407 869 1480 ecclesia
896 1417 1153 1504 persecuturm
1180 1405 1240 1476 vix
1260 1431 1344 1476 cum
1366 1430 1410 1476 eo
1430 1430 1531 1477 com-

439 1532 580 1606 ponere
607 1509 779 1580 inductus
807 1518 875 1580 est
924 1507 1143 1604 Composuit
1169 1518 1297 1578 tamen
1324 1507 1397 1578 sic:
1432 1510 1529 1602 quod

438 1633 556 1704 usque
584 1613 630 1679 ad
657 1607 770 1680 linem
797 1619 1040 1704 treuguarum
1064 1631 1195 1704 pacem
1215 1607 1282 1679 sibi
1303 1607 1530 1678 adinvicem

439 1713 697 1797 observarent
672 1709 860 1806 tcaptivi
889 1733 1022 1780 omnes
1051 1708 1137 1779 hinc
1165 1709 1250 1778 inde
1277 1731 1344 1803 sue
1370 1707 1529 1780 libertati

439 1763 741 1903 restituerentlrr
770 1819 807 1880 et
833 1809 888 1881 sic
907 1810 1068 1906 receptis
1089 1809 1235 1904 abipso
1256 1808 1410 1880 soldano
1428 1819 1527 1880 tetra

438 1920 567 1982 sancta
595 1920 632 1980 et
654 1909 746 1980 locis
775 1910 964 2006 predictis⁷
992 1913 1036 1980 de
1063 1909 1241 1980 consilio
1237 1908 1403 1980 omnium
1424 1933 1530 2005 pere-

437 2009 629 2106 grinonem
653 2010 734 2106 ipse
760 2011 797 2080 in
824 2011 1057 2082 lherusalem
1084 2011 1274 2105 profectus
1295 2020 1365 2104 est,
1394 2009 1452 2080 ubi
1482 2033 1528 2079 eo

438 2113 509 2204 die⁷
529 2135 601 2207 quo
622 2111 809 2182 civitatem
830 2121 999 2183 sanctam
1020 2111 1216 2206 ingressus
1237 2119 1295 2182 est
1313 2109 1530 2206 imperator,

437 2211 744 2324 archiepiscopus
780 2213 944 2284 Cesarea
980 2211 1139 2282 nuncius
1175 2209 1385 2306 patriarche
1419 2212 1530 2281 adve-

437 2311 567 2406 niens7
604 2311 790 2384 civitatem
818 2313 940 2408 ipsam
972 2321 1009 2382 et
1040 2311 1254 2409 specialiter
1285 2311 1527 2407 sepulchrum

436 2411 584 2483 Domini
603 2411 800 2524 supposuit
818 2411 1013 2483 interdicto
1043 2416 1088 2484 de
1114 2416 1290 2483 mandato
1317 2410 1528 2506 patriarche

436 2512 576 2623 ipsius
613 2511 794 2608 primitias
830 2511 1123 2608 recuperationis
1159 2511 1277 2609 ipsius
1309 2535 1383 2581 non
1414 2515 1527 2582 be-ne

437 2611 596 2683 dictione
617 2616 682 2684 sed
703 2623 791 2683 anat
777 2613 945 2684 themate
966 2622 1199 2709 pr.osecutus
1244 2613 1420 2684 Preterea
1439 2635 1527 2707 qua-

435 2713 519 2786 liter
545 2723 631 2785 cont
634 2738 672 2784 ra
699 2713 822 2811 ipsum
854 2713 1121 2810 imperatorem
1154 2723 1244 2810 aput
1269 2714 1395 2784 Accon
1427 2723 1528 2808 post-

437 2817 587 2886 modum
607 2817 827 2886 redeuntem
846 2813 1001 2910 predicti
1022 2813 1244 2910 patriarcha,
1273 2813 1441 2908 magistri
1465 2815 1527 2882 do·
1560 2887 1564 2892 ,

437 2939 563 2985 ιιιιιιιιιι
580 2913 783 3009 Hospitalis
804 2925 840 2985 et
855 2914 1000 3010 Templi
1020 2939 1061 2986 se
1081 2925 1296 3010 gesserunt,
1316 2925 1444 3008 utpote
1464 2913 1525 3006 qui

436 3025 563 3086 contra
580 3013 703 3109 ipsum
719 3014 892 3086 intestina
908 3015 1007 3086 bella·
1021 3025 1217 3086 moverunt
1232 3014 1268 3084 in
1283 3013 1432 3084 civitate
1446 3037 1526 3108 pre-

435 3115 544 3208 dicta,
564 3113 648 3208 hiisa
668 3113 728 3211 qui
747 3114 1008 3209 interfuerunt⁷
1026 3116 1109 3186 lnce
1125 3115 1261 3186 clarius
1278 3115 1396 3186 extitit
1410 3113 1527 3184 mani-

434 3217 583 3286 festum.

511 3317 685 3388 Ceterum
712 3315 797 3412 quia
825 3318 871 3387 ad
898 3315 1002 3411 regni
1030 3315 1250 3408 subsidium7
1279 3317 1376 3412 quod
1402 3325 1442 3385 ut
1466 3339 1527 3385 su·

436 3415 559 3512 perius
587 3415 745 3488 diximus
771 3417 939 3487 Romana
968 3416 1022 3488 sic
1050 3427 1203 3513 ceperat
1228 3415 1390 3488 ecclesia
1415 3439 1525 3486 occu-

437 3541 544 3613 pare,
572 3516 798 3596 necessario·
814 3519 860 3587 de
886 3515 979 3589 Siria
1007 3517 1116 3588 rediit
1142 3517 1364 3614 imperator,
1398 3516 1525 3588 statim

434 3617 584 3689 nuntios
609 3642 699 3689 suos
726 3617 827 3688 misit
854 3620 898 3687 atl
927 3641 1062 3714 papam
1096 3621 1278 3714 quosdam
1311 3618 1446 3708 fratres
1478 3619 1525 3686 de

433 3720 542 3788 domo
558 3717 859 3810 Teutonicorum,
881 3740 947 3812 per
966 3741 1059 3814 quos
1078 3717 1195 3815 ipsius
1210 3720 1349 3790 habere
1364 3717 1525 3814 gratiam

433 3819 631 3915 supplicat⁷
660 3828 696 3888 et
718 3841 805 3889 esse
825 3817 920 3890 velle
941 3822 984 3890 ad
1005 3843 1114 3890 suum
1136 3829 1172 3890 et
1191 3819 1352 3891 ecclesie
1372 3820 1525 3890 manda-

432 3929 511 3990 tum
532 3917 692 4014 exponit.

509 4018 656 4114 Papalis
682 4017 867 4090 exercitus
891 4017 1039 4090 firmata
1067 4021 1258 4091 obsidione
1285 4043 1400 4115 super
1419 4018 1526 4089 Caia-

433 4118 536 4212 tiam,
557 4119 740 4190 machinis
760 4129 797 4190 et
816 4119 952 4190 viribus
974 4121 1051 4190 suis
1070 4120 1170 4191 illam
1193 4121 1440 4191 vehementer
1458 4118 1526 4188 im-

434 4228 593 4313 pugnat3
610 4229 646 4290 et
660 4219 746 4290 licet
760 4219 1025 4314 occupaverint
1041 4221 1241 4314 civitate'm7
1257 4244 1382 4292 arcem
1395 4229 1525 4290 tamen
