3352 5026
442 423 512 504 ιιι
643 357 924 494 arceamus
951 417 1013 493 ou
1040 417 1076 496 s.
1105 417 1334 498 coruino

439 621 476 700 in
491 617 714 698 Lomhardia
732 617 924 698 remansit.
953 617 1141 700 ¹Hernicus
1154 617 1335 698 naturalis
1351 615 1449 696 titius
1468 617 1536 698 im·

440 719 624 821 paraturi-s
643 719 871 800 inSardiuia
890 719 992 798 duxit
1010 743 1178 800 uxorem.

513 823 646 904 Mense
680 819 902 902 Novembris
937 820 1086 900 handus
1121 819 1381 901 Messanensis
1417 819 1536 898 archi·

440 923 655 1022 episcopus,
682 920 719 992 in
750 945 862 1018 quem
891 931 1099 1001 conventus
1125 921 1344 1000 casinensis
1373 920 1535 1016 eligendi

372 1093 374 1096 .
441 1049 554 1122 quem
584 1023 698 1094 vellet
724 1022 761 1093 in
789 1025 963 1094 abbatem
988 1024 1034 1092 de
1062 1021 1207 1118 gremio
1226 1022 1446 1102 monasterii
1467 1046 1536 1102 sua

396 1153 397 1156 ¹
440 1135 525 1201 rota
544 1127 739 1220 dederunt,
758 1123 911 1202 fratrem
928 1123 1163 1220 Stephanum
1178 1126 1223 1196 de
1239 1123 1428 1219 corvario,
1447 1147 1533 1196 cum

441 1226 545 1305 ilium
572 1228 760 1319 ydoneum
787 1223 1008 1320 invenisset,
1034 1224 1071 1296 in
1093 1227 1266 1298 abbatem
1286 1225 1535 1301 casinensem

442 1327 574 1424 elegia
602 1350 715 1424 quem
735 1325 834 1404 idem
861 1336 1069 1408 conventus
1089 1325 1228 1422 paritor
1245 1325 1469 1422 acceptavit,
1498 1337 1535 1408 et
1659 1357 1660 1360 ‘

441 1437 595 1525 propter
626 1429 698 1498 hoo
729 1429 773 1498 ad
800 1430 1135 1524 representandam
1161 1427 1280 1524 ipsius
1310 1426 1534 1503 electionem
1659 1449 1660 1456 ¹

442 1531 579 1603 domno
598 1527 828 1626 imperatori⁷
847 1531 940 1600 duos
961 1553 1007 1603 ex
1026 1527 1200 1603 fratribus
1219 1527 1362 1600 scilicet
1380 1529 1536 1602 fratrem
1659 1523 1660 1614 ᾗ

442 1629 669 1710 ¹Robbertum
685 1629 893 1703 deForesta
910 1639 947 1702 et
961 1631 1114 1702 fratrem
1125 1629 1330 1714 Iohannem
1345 1629 1535 1709 dePonte-

443 1754 557 1804 curvo
583 1732 627 1805 ad
657 1729 736 1802 eius
765 1729 998 1825 presentiam
1022 1729 1257 1828 direxerunt,
1292 1740 1331 1810 ut
1359 1754 1470 1804 suum
1498 1730 1534 1803 in
1659 1777 1660 1786 ι

443 1855 529 1907 eum
550 1833 639 1902 dare
656 1830 874 1926 dignaretur
891 1855 1105 1916 assensum.
1153 1831 1255 1911 Idem
1274 1831 1534 1912 Messanensis
1659 1839 1660 1920 i

442 1929 749 2030 archiepiscopus
775 1955 860 2004 cum
880 1931 1044 2014 Berando
1064 1931 1327 2010 Panormitano
1353 1931 1535 2030 archiepi·
1659 1957 1660 1968 ¹

444 2055 559 2144 scopo
576 2042 613 2104 et
627 2032 770 2104 Thoma
787 2035 832 2104 de
846 2031 991 2128 Aquino
1009 2034 1230 2106 Acerrarum
1247 2032 1381 2116 comite
1398 2043 1533 2109 etcum

398 2183 403 2200 .
443 2131 624 2230 magistro
649 2132 836 2230 Roggerio
864 2134 1112 2212 Porcastrella
1148 2138 1193 2208 ab
1223 2133 1451 2232 imperatore
1479 2158 1535 2206 re-

302 2248 306 2260 '
442 2233 583 2306 missus
600 2235 645 2306 ad
661 2257 812 2331 papam⁷
832 2235 991 2306 Romam
1005 2235 1159 2309 veniunt
1173 2259 1239 2348 pto
1255 2259 1348 2332 pace
1364 2247 1401 2308 et
1414 2236 1534 2309 forma
1659 2223 1660 2284 Γ

444 2333 642 2416 concordie
669 2333 756 2407 hino
780 2335 908 2411 iudet
892 2346 973 2411 trac
975 2345 1063 2416 tata
1117 2335 1234 2408 Gurdo
1263 2336 1430 2418 Soranus
1460 2335 1534 2436 epi-

443 2460 581 2534 scopus
600 2435 703 2532 legat
706 2460 749 2508 us
768 2460 788 2507 a
807 2461 905 2534 papa
924 2437 960 2508 in
979 2435 1212 2511 Provinciam
1232 2437 1395 2512 mittitur.

518 2537 649 2608 Mense
674 2537 894 2617 Decembris
920 2537 1126 2636 imperator
1147 2539 1426 2653 imperatricem
1447 2563 1535 2610 uxo-

443 2659 524 2710 rem
544 2661 651 2709 suam
672 2641 716 2710 de
736 2662 854 2738 regno
881 2638 918 2708 in
936 2638 1198 2718 Lombatdiam
1224 2639 1351 2714 reduci
1369 2639 1471 2714 iubet
1489 2643 1534 2714 ad

444 2761 487 2810 se
523 2762 592 2843 per
621 2739 829 2816 Berardum
860 2739 1164 2820 Panormitanum
1197 2741 1535 2849 archiepiscopum

443 2839 700 2914 Messanensis
716 2839 1022 3026 archieppscopus
1043 2851 1080 2914 et
1097 2842 1216 2920 dictus
1233 2843 1455 2917 Acerrarum
1478 2867 1537 2920 oo-

445 2965 527 3012 mes
563 2950 601 3014 et
634 2941 817 3039 magister

882 2967 1060 3040 oggerius
1088 2944 1334 3024 Porcastrella
1364 2947 1410 3028 de
1436 2945 1535 3019 Urbe
1659 2931 1660 3024 i

445 3042 885 3154 apapadigressisunt·
878 3043 1332 3142 ‚quorumdumscilicet
1317 3056 1538 3120 toomeset
1659 3047 1660 3134 Q

444 3141 627 3254 magister
643 3143 896 3240 Roggerius⁷
887 3169 923 3214 ιιι
943 3168 1102 3240 regnum
1122 3145 1297 3242 redeunt3
1317 3147 1538 3218 Messanen-

445 3239 497 3314 sis
525 3266 615 3315 vero
643 3241 950 3342 archiepiscopus
971 3269 1013 3318 se
1032 3245 1242 3344 Anagniam
1263 3247 1418 3318 confert
1466 3246 1537 3318 lm·-

445 3354 596 3445 perator
622 3355 712 3443 aput
737 3347 911 3419 Parmam
937 3346 1062 3419 natale
1086 3347 1234 3420 Domini
1263 3348 1443 3444 celebrat
1472 3341 1537 3420 ibi-

444 3467 517 3542 que
535 3457 805 3542 repraesentate
829 3447 899 3520 sibi
927 3448 1099 3520 electioni
1125 3449 1341 3546 aprediotis
1362 3402 1536 3521 fratiibus

443 3546 544 3617 tacte
568 3549 622 3618 de
641 3547 755 3620 fratre
783 3548 978 3646 Stephano
1008 3553 1054 3622 ab
1081 3549 1367 3650 archiepiscopo
1393 3551 1538 3623 Messa

445 3646 553 3718 nensi
567 3646 604 3718 in
620 3651 792 3720 abbatem
806 3651 1067 3745 Cannensem,
1083 3675 1193 3722 suum
1208 3653 1309 3724 dedit
1322 3675 1537 3724 assensum.

444 3746 574 3822 Dictus
602 3748 785 3846 magister
809 3751 1022 3848 chgerius
1051 3774 1134 3824 cum
1161 3774 1347 3850 responso
1373 3777 1471 3850 pope
1491 3754 1539 3824 ad

443 3847 711 3948 imperatorem
730 3850 836 3925 redit.

931 4006 1055 4103 1239

521 4141 651 4214 Mense
665 4143 825 4224 Ianuarii
839 4147 1028 4241 generalis
1045 4147 1198 4224 collecta
1214 4170 1283 4244 per
1296 4169 1456 4244 regnum
1473 4168 1541 4242 po-

447 4237 554 4314 nitur.
591 4241 720 4318 Frater
737 4245 952 4339 tanoaldus
970 4249 1017 4323 de
1036 4247 1143 4326 Carni
1163 4259 1200 4326 et
1217 4248 1333 4328 frater
1350 4247 1540 4323 Beratdus
