<?xml version="1.0" encoding="UTF-8"?>
<!DOCTYPE html PUBLIC "-//W3C//DTD XHTML 1.0 Transitional//EN"
    "http://www.w3.org/TR/xhtml1/DTD/xhtml1-transitional.dtd">
<html xmlns="http://www.w3.org/1999/xhtml" xml:lang="en" lang="en">
 <head>
  <title>
</title>
<meta http-equiv="Content-Type" content="text/html;charset=utf-8" />
  <meta name='ocr-system' content='tesseract 3.04.00' />
  <meta name='ocr-capabilities' content='ocr_page ocr_carea ocr_par ocr_line ocrx_word'/>
</head>
<body>
  <div class='ocr_page' id='page_1' title='image "./ryccardidesanct00ricagoog_0165.png"; bbox 0 0 3352 5026; ppageno 0'>
   <div class='ocr_carea' id='block_1_1' title="bbox 576 323 1210 397">
    <p class='ocr_par' dir='ltr' id='par_1_1' title="bbox 576 323 1210 397">
     <span class='ocr_line' id='line_1_1' title="bbox 576 323 1210 397; baseline 0.005 -3"><span class='ocrx_word' id='word_1_1' title='bbox 576 323 617 394; x_wconf 84' lang='lat' dir='ltr'>A.</span> <span class='ocrx_word' id='word_1_2' title='bbox 648 325 753 397; x_wconf 78' lang='lat'>1241.</span> <span class='ocrx_word' id='word_1_3' title='bbox 1141 327 1210 397; x_wconf 83' lang='lat'>147</span> 
     </span>
    </p>
   </div>
   <div class='ocr_carea' id='block_1_2' title="bbox 118 521 1311 1040">
    <p class='ocr_par' dir='ltr' id='par_1_2' title="bbox 118 521 1311 1026">
     <span class='ocr_line' id='line_1_2' title="bbox 120 521 1311 622; baseline 0 -26"><span class='ocrx_word' id='word_1_4' title='bbox 120 523 218 596; x_wconf 87' lang='lat' dir='ltr'>cavit</span> <span class='ocrx_word' id='word_1_5' title='bbox 232 523 355 596; x_wconf 88' lang='lat' dir='ltr'>eidem</span> <span class='ocrx_word' id='word_1_6' title='bbox 370 523 585 619; x_wconf 89' lang='lat' dir='ltr'>imperatori</span> <span class='ocrx_word' id='word_1_7' title='bbox 601 545 670 620; x_wconf 91' lang='lat' dir='ltr'>per</span> <span class='ocrx_word' id='word_1_8' title='bbox 683 521 973 596; x_wconf 77' lang='lat' dir='ltr'>Guaciensen1⁵⁷</span> <span class='ocrx_word' id='word_1_9' title='bbox 992 523 1214 622; x_wconf 87' lang='lat' dir='ltr'>episcopum</span> <span class='ocrx_word' id='word_1_10' title='bbox 1310 611 1311 616; x_wconf 6' lang='grc' dir='ltr'><strong>Ἰ</strong></span> 
     </span>
     <span class='ocr_line' id='line_1_3' title="bbox 118 623 1214 721; baseline 0 -25"><span class='ocrx_word' id='word_1_11' title='bbox 118 625 287 721; x_wconf 88' lang='lat' dir='ltr'>legatum</span> <span class='ocrx_word' id='word_1_12' title='bbox 315 631 445 718; x_wconf 74' lang='lat' dir='ltr'>Suum,</span> <span class='ocrx_word' id='word_1_13' title='bbox 479 635 516 696; x_wconf 90' lang='lat' dir='ltr'>et</span> <span class='ocrx_word' id='word_1_14' title='bbox 546 647 616 721; x_wconf 90' lang='lat' dir='ltr'>per</span> <span class='ocrx_word' id='word_1_15' title='bbox 642 623 784 696; x_wconf 81' lang='lat' dir='ltr'><strong>litteras</strong></span> <span class='ocrx_word' id='word_1_16' title='bbox 812 647 921 718; x_wconf 79' lang='lat' dir='ltr'>suaS,</span> <span class='ocrx_word' id='word_1_17' title='bbox 957 647 1025 720; x_wconf 92' lang='lat' dir='ltr'>per</span> <span class='ocrx_word' id='word_1_18' title='bbox 1051 648 1144 720; x_wconf 90' lang='lat' dir='ltr'>quas</span> <span class='ocrx_word' id='word_1_19' title='bbox 1172 649 1214 699; x_wconf 90' lang='lat' dir='ltr'>se</span> 
     </span>
     <span class='ocr_line' id='line_1_4' title="bbox 120 723 1215 839; baseline -0.002 -41"><span class='ocrx_word' id='word_1_20' title='bbox 120 726 245 839; x_wconf 88' lang='lat' dir='ltr'>ipsum</span> <span class='ocrx_word' id='word_1_21' title='bbox 266 734 303 798; x_wconf 91' lang='lat' dir='ltr'>et</span> <span class='ocrx_word' id='word_1_22' title='bbox 321 748 480 821; x_wconf 90' lang='lat' dir='ltr'>regnum</span> <span class='ocrx_word' id='word_1_23' title='bbox 500 723 664 838; x_wconf 81' lang='lat' dir='ltr'>Ungarie</span> <span class='ocrx_word' id='word_1_24' title='bbox 684 747 752 795; x_wconf 88' lang='lat' dir='ltr'>sue</span> <span class='ocrx_word' id='word_1_25' title='bbox 771 723 953 820; x_wconf 90' lang='lat' dir='ltr'>promittit</span> <span class='ocrx_word' id='word_1_26' title='bbox 939 725 1143 796; x_wconf 90' lang='lat' dir='ltr'>tsubicere</span> <span class='ocrx_word' id='word_1_27' title='bbox 1165 725 1215 796; x_wconf 92' lang='lat' dir='ltr'>di-</span> 
     </span>
     <span class='ocr_line' id='line_1_5' title="bbox 120 824 1216 938; baseline 0 -40"><span class='ocrx_word' id='word_1_28' title='bbox 120 824 238 920; x_wconf 92' lang='lat' dir='ltr'>oioni,</span> <span class='ocrx_word' id='word_1_29' title='bbox 274 828 475 898; x_wconf 92' lang='lat' dir='ltr'>dummodo</span> <span class='ocrx_word' id='word_1_30' title='bbox 504 849 572 938; x_wconf 90' lang='lat' dir='ltr'>per</span> <span class='ocrx_word' id='word_1_31' title='bbox 598 825 720 922; x_wconf 90' lang='lat' dir='ltr'>ipsum</span> <span class='ocrx_word' id='word_1_32' title='bbox 748 825 1016 938; x_wconf 74' lang='lat' dir='ltr'>imperatorem</span> <span class='ocrx_word' id='word_1_33' title='bbox 1052 824 1131 899; x_wconf 89' lang='lat' dir='ltr'>ab</span> <span class='ocrx_word' id='word_1_34' title='bbox 1122 824 1216 922; x_wconf 85' lang='lat' dir='ltr'>ipsis</span> 
     </span>
     <span class='ocr_line' id='line_1_6' title="bbox 120 924 1217 1040; baseline -0.001 -42"><span class='ocrx_word' id='word_1_35' title='bbox 120 925 285 998; x_wconf 88' lang='lat' dir='ltr'>Tartaris</span> <span class='ocrx_word' id='word_1_36' title='bbox 304 927 547 1040; x_wconf 84' lang='lat' dir='ltr'>protectionis</span> <span class='ocrx_word' id='word_1_37' title='bbox 568 950 637 999; x_wconf 89' lang='lat' dir='ltr'>sue</span> <span class='ocrx_word' id='word_1_38' title='bbox 655 924 863 998; x_wconf 87' lang='lat' dir='ltr'>munimine</span> <span class='ocrx_word' id='word_1_39' title='bbox 889 927 1067 999; x_wconf 89' lang='lat' dir='ltr'>defendat</span> <span class='ocrx_word' id='word_1_40' title='bbox 1052 936 1120 998; x_wconf 89' lang='lat' dir='ltr'>t.ur</span> <span class='ocrx_word' id='word_1_41' title='bbox 1172 927 1217 998; x_wconf 84' lang='lat' dir='ltr'>Et</span> 
     </span>
    </p>
   </div>
   <div class='ocr_carea' id='block_1_3' title="bbox 1 1025 1216 1126">
    <p class='ocr_par' dir='ltr' id='par_1_3' title="bbox 1 1025 1216 1126">
     <span class='ocr_line' id='line_1_7' title="bbox 1 1025 1216 1126; baseline -0.003 -26"><span class='ocrx_word' id='word_1_42' title='bbox 1 1029 2 1032; x_wconf 69' lang='grc'>’</span> <span class='ocrx_word' id='word_1_43' title='bbox 121 1031 166 1100; x_wconf 92' lang='lat' dir='ltr'>ob</span> <span class='ocrx_word' id='word_1_44' title='bbox 187 1027 285 1100; x_wconf 89' lang='lat' dir='ltr'>hanc</span> <span class='ocrx_word' id='word_1_45' title='bbox 303 1052 458 1102; x_wconf 87' lang='lat' dir='ltr'>causam</span> <span class='ocrx_word' id='word_1_46' title='bbox 478 1027 682 1126; x_wconf 90' lang='lat' dir='ltr'>imperator</span> <span class='ocrx_word' id='word_1_47' title='bbox 700 1027 782 1122; x_wconf 88' lang='lat' dir='ltr'>ipse</span> <span class='ocrx_word' id='word_1_48' title='bbox 809 1037 982 1100; x_wconf 91' lang='lat' dir='ltr'>metuens</span> <span class='ocrx_word' id='word_1_49' title='bbox 1008 1025 1216 1100; x_wconf 91' lang='lat' dir='ltr'>christiani-</span> 
     </span>
    </p>
   </div>
   <div class='ocr_carea' id='block_1_4' title="bbox 121 1127 1309 2504">
    <p class='ocr_par' dir='ltr' id='par_1_4' title="bbox 121 1127 1309 2201">
     <span class='ocr_line' id='line_1_8' title="bbox 121 1127 1216 1224; baseline -0.002 -23.968"><span class='ocrx_word' id='word_1_50' title='bbox 121 1127 209 1200; x_wconf 91' lang='lat' dir='ltr'>tatis</span> <span class='ocrx_word' id='word_1_51' title='bbox 242 1129 447 1224; x_wconf 86' lang='lat' dir='ltr'>excidium,</span> <span class='ocrx_word' id='word_1_52' title='bbox 489 1140 528 1200; x_wconf 91' lang='lat' dir='ltr'>ut</span> <span class='ocrx_word' id='word_1_53' title='bbox 555 1137 757 1224; x_wconf 90' lang='lat' dir='ltr'>componat</span> <span class='ocrx_word' id='word_1_54' title='bbox 783 1150 868 1197; x_wconf 89' lang='lat' dir='ltr'>cum</span> <span class='ocrx_word' id='word_1_55' title='bbox 897 1152 991 1224; x_wconf 91' lang='lat' dir='ltr'>papa</span> <span class='ocrx_word' id='word_1_56' title='bbox 1021 1127 1216 1224; x_wconf 78' lang='lat' dir='ltr'>Gregorio</span> 
     </span>
     <span class='ocr_line' id='line_1_9' title="bbox 122 1226 1217 1324; baseline 0.001 -25"><span class='ocrx_word' id='word_1_57' title='bbox 122 1252 257 1300; x_wconf 89' lang='lat' dir='ltr'>versus</span> <span class='ocrx_word' id='word_1_58' title='bbox 293 1231 431 1304; x_wconf 85' lang='lat' dir='ltr'>Urbem</span> <span class='ocrx_word' id='word_1_59' title='bbox 451 1229 576 1324; x_wconf 81' lang='lat' dir='ltr'>dirigit</span> <span class='ocrx_word' id='word_1_60' title='bbox 594 1252 678 1299; x_wconf 91' lang='lat' dir='ltr'>cum</span> <span class='ocrx_word' id='word_1_61' title='bbox 699 1226 913 1298; x_wconf 81' lang='lat' dir='ltr'>festinantia</span> <span class='ocrx_word' id='word_1_62' title='bbox 933 1251 1091 1323; x_wconf 82' lang='lat' dir='ltr'>gressus</span> <span class='ocrx_word' id='word_1_63' title='bbox 1112 1252 1217 1322; x_wconf 77' lang='lat' dir='ltr'>suoS,</span> 
     </span>
     <span class='ocr_line' id='line_1_10' title="bbox 125 1327 1309 1428; baseline -0.004 -28"><span class='ocrx_word' id='word_1_64' title='bbox 125 1339 162 1400; x_wconf 89' lang='lat' dir='ltr'>et</span> <span class='ocrx_word' id='word_1_65' title='bbox 180 1339 269 1402; x_wconf 89' lang='lat' dir='ltr'>tunc</span> <span class='ocrx_word' id='word_1_66' title='bbox 288 1343 441 1428; x_wconf 89' lang='lat' dir='ltr'>propter</span> <span class='ocrx_word' id='word_1_67' title='bbox 459 1331 531 1400; x_wconf 91' lang='lat' dir='ltr'>hoo</span> <span class='ocrx_word' id='word_1_68' title='bbox 550 1327 749 1424; x_wconf 83' lang='lat' dir='ltr'>generales</span> <span class='ocrx_word' id='word_1_69' title='bbox 770 1327 881 1398; x_wconf 87' lang='lat' dir='ltr'>mittit</span> <span class='ocrx_word' id='word_1_70' title='bbox 898 1327 1042 1399; x_wconf 89' lang='lat' dir='ltr'>litteras</span> <span class='ocrx_word' id='word_1_71' title='bbox 1069 1331 1114 1400; x_wconf 88' lang='lat' dir='ltr'>ad</span> <span class='ocrx_word' id='word_1_72' title='bbox 1138 1327 1217 1399; x_wconf 91' lang='lat' dir='ltr'>uni·</span> <span class='ocrx_word' id='word_1_73' title='bbox 1204 1341 1309 1395; x_wconf 71' lang='grc'>-1241,</span> 
     </span>
     <span class='ocr_line' id='line_1_11' title="bbox 122 1415 1289 1546; baseline -0.002 -45"><span class='ocrx_word' id='word_1_74' title='bbox 122 1453 257 1503; x_wconf 90' lang='lat' dir='ltr'>versos</span> <span class='ocrx_word' id='word_1_75' title='bbox 272 1431 461 1546; x_wconf 87' lang='lat' dir='ltr'>principes</span> <span class='ocrx_word' id='word_1_76' title='bbox 476 1427 694 1522; x_wconf 86' lang='lat' dir='ltr'>occidentis,</span> <span class='ocrx_word' id='word_1_77' title='bbox 709 1452 864 1524; x_wconf 87' lang='lat' dir='ltr'>quarum</span> <span class='ocrx_word' id='word_1_78' title='bbox 881 1439 990 1501; x_wconf 91' lang='lat' dir='ltr'>tenor</span> <span class='ocrx_word' id='word_1_79' title='bbox 1002 1427 1087 1501; x_wconf 88' lang='lat' dir='ltr'>talis</span> <span class='ocrx_word' id='word_1_80' title='bbox 1104 1424 1217 1500; x_wconf 78' lang='lat' dir='ltr'>est⁵⁸z</span> <span class='ocrx_word' id='word_1_81' title='bbox 1229 1415 1289 1541; x_wconf 59' lang='grc' dir='ltr'>Ῑζέ·</span> 
     </span>
     <span class='ocr_line' id='line_1_12' title="bbox 124 1527 1218 1646; baseline -0.002 -45"><span class='ocrx_word' id='word_1_82' title='bbox 124 1531 258 1601; x_wconf 75' lang='lat' dir='ltr'>illustri</span> <span class='ocrx_word' id='word_1_83' title='bbox 283 1533 358 1626; x_wconf 79' lang='lat' dir='ltr'>repi</span> <span class='ocrx_word' id='word_1_84' title='bbox 382 1531 659 1621; x_wconf 59' lang='lat' dir='ltr'>Francorum</span> <span class='ocrx_word' id='word_1_85' title='bbox 660 1553 829 1622; x_wconf 80' lang='lat' dir='ltr'>umquam</span> <span class='ocrx_word' id='word_1_86' title='bbox 855 1532 966 1614; x_wconf 80' lang='lat' dir='ltr'>fratri</span> <span class='ocrx_word' id='word_1_87' title='bbox 983 1553 1061 1646; x_wconf 82' lang='lat' dir='ltr'>sno,</span> <span class='ocrx_word' id='word_1_88' title='bbox 1089 1527 1218 1600; x_wconf 84' lang='lat' dir='ltr'>Frede-</span> 
     </span>
     <span class='ocr_line' id='line_1_13' title="bbox 126 1585 1220 1726; baseline -0.001 -26"><span class='ocrx_word' id='word_1_89' title='bbox 126 1631 222 1700; x_wconf 84' lang='lat' dir='ltr'>ricns</span> <span class='ocrx_word' id='word_1_90' title='bbox 241 1636 303 1702; x_wconf 89' lang='lat' dir='ltr'>etc.</span> <span class='ocrx_word' id='word_1_91' title='bbox 346 1629 505 1712; x_wconf 81' lang='lat' dir='ltr'>Perferte</span> <span class='ocrx_word' id='word_1_92' title='bbox 522 1585 651 1701; x_wconf 77' lang='lat' dir='ltr'>solliiit</span> <span class='ocrx_word' id='word_1_93' title='bbox 652 1629 768 1700; x_wconf 76' lang='lat' dir='ltr'>odinis</span> <span class='ocrx_word' id='word_1_94' title='bbox 786 1629 892 1724; x_wconf 81' lang='lat' dir='ltr'>zelus,</span> <span class='ocrx_word' id='word_1_95' title='bbox 911 1654 988 1726; x_wconf 71' lang='lat' dir='ltr'>quo</span> <span class='ocrx_word' id='word_1_96' title='bbox 1007 1633 1082 1702; x_wconf 84' lang='lat' dir='ltr'>sicu</span> <span class='ocrx_word' id='word_1_97' title='bbox 1085 1635 1220 1724; x_wconf 86' lang='lat' dir='ltr'>tpater</span> 
     </span>
     <span class='ocr_line' id='line_1_14' title="bbox 126 1729 1219 1826; baseline 0.001 -27"><span class='ocrx_word' id='word_1_98' title='bbox 126 1731 264 1822; x_wconf 81' lang='lat' dir='ltr'>imperii</span> <span class='ocrx_word' id='word_1_99' title='bbox 280 1737 413 1802; x_wconf 82' lang='lat' dir='ltr'>statum</span> <span class='ocrx_word' id='word_1_100' title='bbox 433 1730 585 1802; x_wconf 85' lang='lat' dir='ltr'>eiusdem</span> <span class='ocrx_word' id='word_1_101' title='bbox 607 1729 751 1824; x_wconf 68' lang='lat' dir='ltr'>diligere</span> <span class='ocrx_word' id='word_1_102' title='bbox 769 1734 931 1826; x_wconf 67' lang='lat' dir='ltr'>cogimur</span> <span class='ocrx_word' id='word_1_103' title='bbox 951 1737 986 1802; x_wconf 90' lang='lat' dir='ltr'>et</span> <span class='ocrx_word' id='word_1_104' title='bbox 1009 1732 1109 1823; x_wconf 86' lang='lat' dir='ltr'>tueri,</span> <span class='ocrx_word' id='word_1_105' title='bbox 1136 1753 1219 1824; x_wconf 84' lang='lat' dir='ltr'>pro-</span> 
     </span>
     <span class='ocr_line' id='line_1_15' title="bbox 124 1831 1219 1926; baseline 0.002 -26"><span class='ocrx_word' id='word_1_106' title='bbox 124 1835 270 1924; x_wconf 80' lang='lat' dir='ltr'>pensius</span> <span class='ocrx_word' id='word_1_107' title='bbox 288 1855 355 1904; x_wconf 85' lang='lat' dir='ltr'>nos</span> <span class='ocrx_word' id='word_1_108' title='bbox 371 1831 516 1924; x_wconf 80' lang='lat' dir='ltr'>inducit,</span> <span class='ocrx_word' id='word_1_109' title='bbox 537 1854 607 1902; x_wconf 88' lang='lat' dir='ltr'>non</span> <span class='ocrx_word' id='word_1_110' title='bbox 627 1837 701 1902; x_wconf 86' lang='lat' dir='ltr'>tum</span> <span class='ocrx_word' id='word_1_111' title='bbox 721 1835 915 1920; x_wconf 80' lang='lat' dir='ltr'>manifesto</span> <span class='ocrx_word' id='word_1_112' title='bbox 931 1832 1092 1924; x_wconf 84' lang='lat' dir='ltr'>pericula</span> <span class='ocrx_word' id='word_1_113' title='bbox 1110 1855 1219 1926; x_wconf 82' lang='lat' dir='ltr'>quum</span> 
     </span>
     <span class='ocr_line' id='line_1_16' title="bbox 125 1930 1219 2027; baseline 0.002 -27"><span class='ocrx_word' id='word_1_114' title='bbox 125 1939 291 2024; x_wconf 82' lang='lat' dir='ltr'>suspectu</span> <span class='ocrx_word' id='word_1_115' title='bbox 311 1936 424 2002; x_wconf 87' lang='lat' dir='ltr'>vereri</span> <span class='ocrx_word' id='word_1_116' title='bbox 442 1939 516 2022; x_wconf 73' lang='lat' dir='ltr'>etc,</span> <span class='ocrx_word' id='word_1_117' title='bbox 544 1954 613 2026; x_wconf 92' lang='lat' dir='ltr'>per</span> <span class='ocrx_word' id='word_1_118' title='bbox 631 1954 724 2023; x_wconf 92' lang='lat' dir='ltr'>quas</span> <span class='ocrx_word' id='word_1_119' title='bbox 744 1931 887 2001; x_wconf 89' lang='lat' dir='ltr'>litteras</span> <span class='ocrx_word' id='word_1_120' title='bbox 907 1930 1095 2027; x_wconf 87' lang='lat' dir='ltr'>principes</span> <span class='ocrx_word' id='word_1_121' title='bbox 1115 1931 1219 2026; x_wconf 86' lang='lat' dir='ltr'>ipsos</span> 
     </span>
     <span class='ocr_line' id='line_1_17' title="bbox 128 2027 1219 2102; baseline 0 -2"><span class='ocrx_word' id='word_1_122' title='bbox 128 2029 270 2102; x_wconf 90' lang='lat' dir='ltr'>animat</span> <span class='ocrx_word' id='word_1_123' title='bbox 296 2041 333 2101; x_wconf 92' lang='lat' dir='ltr'>et</span> <span class='ocrx_word' id='word_1_124' title='bbox 357 2032 528 2101; x_wconf 86' lang='lat' dir='ltr'>hortatur</span> <span class='ocrx_word' id='word_1_125' title='bbox 555 2031 599 2099; x_wconf 94' lang='lat' dir='ltr'>ad</span> <span class='ocrx_word' id='word_1_126' title='bbox 624 2027 709 2098; x_wconf 87' lang='lat' dir='ltr'>fidei</span> <span class='ocrx_word' id='word_1_127' title='bbox 736 2029 938 2100; x_wconf 88' lang='lat' dir='ltr'>christiane</span> <span class='ocrx_word' id='word_1_128' title='bbox 958 2029 1219 2102; x_wconf 84' lang='lat' dir='ltr'>defensionem</span> 
     </span>
     <span class='ocr_line' id='line_1_18' title="bbox 128 2129 750 2201; baseline -0.002 -2"><span class='ocrx_word' id='word_1_129' title='bbox 128 2139 166 2199; x_wconf 93' lang='lat' dir='ltr'>et</span> <span class='ocrx_word' id='word_1_130' title='bbox 184 2129 345 2201; x_wconf 87' lang='lat' dir='ltr'>ecclesie</span> <span class='ocrx_word' id='word_1_131' title='bbox 365 2139 495 2200; x_wconf 88' lang='lat' dir='ltr'>sancte</span> <span class='ocrx_word' id='word_1_132' title='bbox 516 2151 750 2199; x_wconf 87' lang='lat' dir='ltr'>succursum.</span> 
     </span>
    </p>

    <p class='ocr_par' dir='ltr' id='par_1_5' title="bbox 128 2227 1222 2504">
     <span class='ocr_line' id='line_1_19' title="bbox 203 2227 1222 2326; baseline 0.001 -26"><span class='ocrx_word' id='word_1_133' title='bbox 203 2230 343 2301; x_wconf 87' lang='lat' dir='ltr'>Eodem</span> <span class='ocrx_word' id='word_1_134' title='bbox 372 2251 505 2300; x_wconf 88' lang='lat' dir='ltr'>mense</span> <span class='ocrx_word' id='word_1_135' title='bbox 531 2227 735 2325; x_wconf 90' lang='lat' dir='ltr'>imperator</span> <span class='ocrx_word' id='word_1_136' title='bbox 758 2227 840 2324; x_wconf 90' lang='lat' dir='ltr'>ipse</span> <span class='ocrx_word' id='word_1_137' title='bbox 866 2227 1023 2301; x_wconf 90' lang='lat' dir='ltr'>veniens</span> <span class='ocrx_word' id='word_1_138' title='bbox 1051 2237 1141 2326; x_wconf 89' lang='lat' dir='ltr'>aput</span> <span class='ocrx_word' id='word_1_139' title='bbox 1164 2228 1222 2301; x_wconf 89' lang='lat' dir='ltr'>lu·</span> 
     </span>
     <span class='ocr_line' id='line_1_20' title="bbox 128 2327 1221 2478; baseline 0.001 -79"><span class='ocrx_word' id='word_1_140' title='bbox 128 2337 369 2428; x_wconf 78' lang='lat' dir='ltr'>terampneS,</span> <span class='ocrx_word' id='word_1_141' title='bbox 406 2327 595 2400; x_wconf 91' lang='lat' dir='ltr'>civitatem</span> <span class='ocrx_word' id='word_1_142' title='bbox 623 2327 745 2426; x_wconf 87' lang='lat' dir='ltr'>ipsam</span> <span class='ocrx_word' id='word_1_143' title='bbox 773 2327 903 2478; x_wconf 90' lang='lat' dir='ltr'>recipit</span> <span class='ocrx_word' id='word_1_144' title='bbox 930 2332 974 2402; x_wconf 90' lang='lat' dir='ltr'>ad</span> <span class='ocrx_word' id='word_1_145' title='bbox 1002 2331 1221 2402; x_wconf 82' lang='lat' dir='ltr'>mandatum</span> 
     </span>
     <span class='ocr_line' id='line_1_21' title="bbox 131 2456 252 2504; baseline -0.018 0"><span class='ocrx_word' id='word_1_146' title='bbox 131 2456 252 2504; x_wconf 88' lang='lat' dir='ltr'>suurn</span> 
     </span>
    </p>
   </div>
   <div class='ocr_carea' id='block_1_5' title="bbox 131 2473 1225 2930">
    <p class='ocr_par' dir='ltr' id='par_1_6' title="bbox 131 2473 1225 2930">
     <span class='ocr_line' id='line_1_22' title="bbox 205 2473 1224 2628; baseline -0.004 -24"><span class='ocrx_word' id='word_1_147' title='bbox 205 2532 338 2604; x_wconf 84' lang='lat' dir='ltr'>Mense</span> <span class='ocrx_word' id='word_1_148' title='bbox 357 2529 438 2604; x_wconf 91' lang='lat' dir='ltr'>lulii</span> <span class='ocrx_word' id='word_1_149' title='bbox 457 2529 661 2627; x_wconf 90' lang='lat' dir='ltr'>imperator</span> <span class='ocrx_word' id='word_1_150' title='bbox 678 2528 781 2601; x_wconf 87' lang='lat' dir='ltr'>venit</span> <span class='ocrx_word' id='word_1_151' title='bbox 798 2473 988 2626; x_wconf 86' lang='lat' dir='ltr'>Narniam,</span> <span class='ocrx_word' id='word_1_152' title='bbox 1016 2555 1127 2628; x_wconf 89' lang='lat' dir='ltr'>quam</span> <span class='ocrx_word' id='word_1_153' title='bbox 1155 2528 1224 2602; x_wconf 88' lang='lat' dir='ltr'>sibi</span> 
     </span>
     <span class='ocr_line' id='line_1_23' title="bbox 131 2629 1223 2728; baseline -0.004 -24"><span class='ocrx_word' id='word_1_154' title='bbox 131 2634 357 2704; x_wconf 89' lang='lat' dir='ltr'>renitentem</span> <span class='ocrx_word' id='word_1_155' title='bbox 384 2631 544 2726; x_wconf 71' lang='lat' dir='ltr'>invenit,</span> <span class='ocrx_word' id='word_1_156' title='bbox 571 2633 858 2728; x_wconf 86' lang='lat' dir='ltr'>propterquod,</span> <span class='ocrx_word' id='word_1_157' title='bbox 884 2631 982 2702; x_wconf 89' lang='lat' dir='ltr'>facta</span> <span class='ocrx_word' id='word_1_158' title='bbox 1008 2630 1045 2702; x_wconf 96' lang='lat' dir='ltr'>in</span> <span class='ocrx_word' id='word_1_159' title='bbox 1066 2629 1223 2702; x_wconf 85' lang='lat' dir='ltr'>exterio·</span> 
     </span>
     <span class='ocr_line' id='line_1_24' title="bbox 131 2729 1224 2827; baseline -0.005 -23"><span class='ocrx_word' id='word_1_160' title='bbox 131 2733 234 2806; x_wconf 88' lang='lat' dir='ltr'>ribus</span> <span class='ocrx_word' id='word_1_161' title='bbox 253 2732 443 2827; x_wconf 87' lang='lat' dir='ltr'>vastitate,</span> <span class='ocrx_word' id='word_1_162' title='bbox 470 2732 555 2803; x_wconf 91' lang='lat' dir='ltr'>inde</span> <span class='ocrx_word' id='word_1_163' title='bbox 579 2729 766 2825; x_wconf 88' lang='lat' dir='ltr'>discessit,</span> <span class='ocrx_word' id='word_1_164' title='bbox 793 2741 829 2802; x_wconf 91' lang='lat' dir='ltr'>et</span> <span class='ocrx_word' id='word_1_165' title='bbox 847 2754 981 2803; x_wconf 89' lang='lat' dir='ltr'>versus</span> <span class='ocrx_word' id='word_1_166' title='bbox 1001 2731 1118 2802; x_wconf 86' lang='lat' dir='ltr'>Reate</span> <span class='ocrx_word' id='word_1_167' title='bbox 1136 2752 1224 2799; x_wconf 89' lang='lat' dir='ltr'>con·</span> 
     </span>
     <span class='ocr_line' id='line_1_25' title="bbox 133 2827 1225 2930; baseline -0.005 -25"><span class='ocrx_word' id='word_1_168' title='bbox 133 2835 205 2906; x_wconf 86' lang='lat' dir='ltr'>cito</span> <span class='ocrx_word' id='word_1_169' title='bbox 233 2832 334 2904; x_wconf 93' lang='lat' dir='ltr'>vadit</span> <span class='ocrx_word' id='word_1_170' title='bbox 341 2857 491 2930; x_wconf 84' lang='lat' dir='ltr'>,quam</span> <span class='ocrx_word' id='word_1_171' title='bbox 521 2831 589 2905; x_wconf 91' lang='lat' dir='ltr'>sibi</span> <span class='ocrx_word' id='word_1_172' title='bbox 615 2830 786 2904; x_wconf 89' lang='lat' dir='ltr'>similiter</span> <span class='ocrx_word' id='word_1_173' title='bbox 804 2830 1046 2904; x_wconf 86' lang='lat' dir='ltr'>resistentem</span> <span class='ocrx_word' id='word_1_174' title='bbox 1065 2827 1225 2922; x_wconf 68' lang='lat' dir='ltr'>invenit,</span> 
     </span>
    </p>
   </div>
   <div class='ocr_carea' id='block_1_6' title="bbox 134 2931 1234 4134">
    <p class='ocr_par' dir='ltr' id='par_1_7' title="bbox 134 2931 1226 3132">
     <span class='ocr_line' id='line_1_26' title="bbox 135 2931 1226 3031; baseline -0.005 -25"><span class='ocrx_word' id='word_1_175' title='bbox 135 2944 172 3006; x_wconf 89' lang='lat' dir='ltr'>et</span> <span class='ocrx_word' id='word_1_176' title='bbox 197 2944 286 3006; x_wconf 89' lang='lat' dir='ltr'>tunc</span> <span class='ocrx_word' id='word_1_177' title='bbox 312 2944 468 3007; x_wconf 87' lang='lat' dir='ltr'>vocatus</span> <span class='ocrx_word' id='word_1_178' title='bbox 500 2933 705 3031; x_wconf 89' lang='lat' dir='ltr'>imperator</span> <span class='ocrx_word' id='word_1_179' title='bbox 735 2931 816 3028; x_wconf 87' lang='lat' dir='ltr'>ipse</span> <span class='ocrx_word' id='word_1_180' title='bbox 845 2957 866 3003; x_wconf 91' lang='lat' dir='ltr'>a</span> <span class='ocrx_word' id='word_1_181' title='bbox 893 2931 1059 3004; x_wconf 86' lang='lat' dir='ltr'>Iohanne</span> <span class='ocrx_word' id='word_1_182' title='bbox 1085 2933 1131 3004; x_wconf 86' lang='lat' dir='ltr'>de</span> <span class='ocrx_word' id='word_1_183' title='bbox 1158 2931 1226 3006; x_wconf 88' lang='lat' dir='ltr'>Co-</span> 
     </span>
     <span class='ocr_line' id='line_1_27' title="bbox 134 3034 911 3132; baseline 0 -27"><span class='ocrx_word' id='word_1_184' title='bbox 134 3035 287 3132; x_wconf 87' lang='lat' dir='ltr'>lumpna</span> <span class='ocrx_word' id='word_1_185' title='bbox 309 3034 500 3131; x_wconf 74' lang='lat' dir='ltr'>cardinali,</span> <span class='ocrx_word' id='word_1_186' title='bbox 527 3035 679 3108; x_wconf 88' lang='lat' dir='ltr'>festinat</span> <span class='ocrx_word' id='word_1_187' title='bbox 698 3035 744 3106; x_wconf 87' lang='lat' dir='ltr'>ad</span> <span class='ocrx_word' id='word_1_188' title='bbox 763 3034 911 3107; x_wconf 89' lang='lat' dir='ltr'>Urbem</span> 
     </span>
    </p>

    <p class='ocr_par' dir='ltr' id='par_1_8' title="bbox 135 3129 1232 4012">
     <span class='ocr_line' id='line_1_28' title="bbox 208 3129 1228 3230; baseline -0.007 -22"><span class='ocrx_word' id='word_1_189' title='bbox 208 3137 351 3208; x_wconf 81' lang='lat' dir='ltr'>Eodem</span> <span class='ocrx_word' id='word_1_190' title='bbox 367 3139 678 3208; x_wconf 86' lang='lat' dir='ltr'>menseAndreas</span> <span class='ocrx_word' id='word_1_191' title='bbox 690 3137 736 3206; x_wconf 91' lang='lat' dir='ltr'>de</span> <span class='ocrx_word' id='word_1_192' title='bbox 748 3134 872 3208; x_wconf 89' lang='lat' dir='ltr'>Cicala</span> <span class='ocrx_word' id='word_1_193' title='bbox 888 3132 1106 3230; x_wconf 88' lang='lat' dir='ltr'>capitaneos</span> <span class='ocrx_word' id='word_1_194' title='bbox 1121 3129 1228 3202; x_wconf 83' lang='lat' dir='ltr'>iussu</span> 
     </span>
     <span class='ocr_line' id='line_1_29' title="bbox 135 3230 1227 3333; baseline -0.003 -30"><span class='ocrx_word' id='word_1_195' title='bbox 135 3233 373 3330; x_wconf 89' lang='lat' dir='ltr'>imperatoris</span> <span class='ocrx_word' id='word_1_196' title='bbox 406 3235 573 3333; x_wconf 88' lang='lat' dir='ltr'>captivos</span> <span class='ocrx_word' id='word_1_197' title='bbox 600 3237 747 3330; x_wconf 89' lang='lat' dir='ltr'>legatos</span> <span class='ocrx_word' id='word_1_198' title='bbox 774 3244 811 3304; x_wconf 86' lang='lat' dir='ltr'>et</span> <span class='ocrx_word' id='word_1_199' title='bbox 837 3233 931 3304; x_wconf 91' lang='lat' dir='ltr'>alios</span> <span class='ocrx_word' id='word_1_200' title='bbox 957 3230 1154 3304; x_wconf 81' lang='lat' dir='ltr'>transferri</span> <span class='ocrx_word' id='word_1_201' title='bbox 1181 3233 1227 3302; x_wconf 93' lang='lat' dir='ltr'>de</span> 
     </span>
     <span class='ocr_line' id='line_1_30' title="bbox 135 3331 1228 3430; baseline -0.004 -26"><span class='ocrx_word' id='word_1_202' title='bbox 135 3333 303 3429; x_wconf 88' lang='lat' dir='ltr'>Neapoly</span> <span class='ocrx_word' id='word_1_203' title='bbox 330 3335 529 3406; x_wconf 88' lang='lat' dir='ltr'>Salernum</span> <span class='ocrx_word' id='word_1_204' title='bbox 561 3333 650 3405; x_wconf 89' lang='lat' dir='ltr'>facit</span> <span class='ocrx_word' id='word_1_205' title='bbox 679 3355 748 3430; x_wconf 91' lang='lat' dir='ltr'>per</span> <span class='ocrx_word' id='word_1_206' title='bbox 774 3333 1005 3427; x_wconf 80' lang='lat' dir='ltr'>llyccardum</span> <span class='ocrx_word' id='word_1_207' title='bbox 1030 3334 1076 3404; x_wconf 92' lang='lat' dir='ltr'>de</span> <span class='ocrx_word' id='word_1_208' title='bbox 1101 3331 1228 3402; x_wconf 86' lang='lat' dir='ltr'>Monte</span> 
     </span>
     <span class='ocr_line' id='line_1_31' title="bbox 138 3432 1228 3530; baseline -0.001 -28"><span class='ocrx_word' id='word_1_209' title='bbox 138 3432 245 3528; x_wconf 89' lang='lat' dir='ltr'>nigro</span> <span class='ocrx_word' id='word_1_210' title='bbox 270 3432 507 3506; x_wconf 86' lang='lat' dir='ltr'>iustitiarium</span> <span class='ocrx_word' id='word_1_211' title='bbox 533 3444 632 3506; x_wconf 91' lang='lat' dir='ltr'>terre</span> <span class='ocrx_word' id='word_1_212' title='bbox 650 3433 823 3528; x_wconf 88' lang='lat' dir='ltr'>Laboris·</span> <span class='ocrx_word' id='word_1_213' title='bbox 852 3444 889 3506; x_wconf 86' lang='lat' dir='ltr'>et</span> <span class='ocrx_word' id='word_1_214' title='bbox 907 3433 990 3530; x_wconf 92' lang='lat' dir='ltr'>ipse</span> <span class='ocrx_word' id='word_1_215' title='bbox 1009 3432 1228 3530; x_wconf 89' lang='lat' dir='ltr'>capitaneus</span> 
     </span>
     <span class='ocr_line' id='line_1_32' title="bbox 137 3532 1230 3633; baseline -0.004 -28"><span class='ocrx_word' id='word_1_216' title='bbox 137 3543 293 3606; x_wconf 88' lang='lat' dir='ltr'>vocatus</span> <span class='ocrx_word' id='word_1_217' title='bbox 313 3535 359 3605; x_wconf 88' lang='lat' dir='ltr'>ad</span> <span class='ocrx_word' id='word_1_218' title='bbox 378 3533 644 3633; x_wconf 88' lang='lat' dir='ltr'>imperatorem</span> <span class='ocrx_word' id='word_1_219' title='bbox 665 3533 775 3606; x_wconf 85' lang='lat' dir='ltr'>vadit.</span> <span class='ocrx_word' id='word_1_220' title='bbox 823 3535 855 3606; x_wconf 92' lang='lat' dir='ltr'><strong>A</strong></span> <span class='ocrx_word' id='word_1_221' title='bbox 880 3557 952 3630; x_wconf 90' lang='lat' dir='ltr'>quo</span> <span class='ocrx_word' id='word_1_222' title='bbox 972 3532 1134 3628; x_wconf 87' lang='lat' dir='ltr'>rediens,</span> <span class='ocrx_word' id='word_1_223' title='bbox 1161 3553 1230 3628; x_wconf 88' lang='lat' dir='ltr'>per</span> 
     </span>
     <span class='ocr_line' id='line_1_33' title="bbox 137 3633 1231 3731; baseline -0.004 -24"><span class='ocrx_word' id='word_1_224' title='bbox 137 3644 259 3707; x_wconf 89' lang='lat' dir='ltr'>totum</span> <span class='ocrx_word' id='word_1_225' title='bbox 282 3659 443 3730; x_wconf 87' lang='lat' dir='ltr'>regnum</span> <span class='ocrx_word' id='word_1_226' title='bbox 471 3645 614 3708; x_wconf 87' lang='lat' dir='ltr'>certum</span> <span class='ocrx_word' id='word_1_227' title='bbox 642 3635 756 3731; x_wconf 85' lang='lat' dir='ltr'>exigit</span> <span class='ocrx_word' id='word_1_228' title='bbox 783 3657 982 3706; x_wconf 90' lang='lat' dir='ltr'>numerum</span> <span class='ocrx_word' id='word_1_229' title='bbox 1011 3633 1169 3705; x_wconf 87' lang='lat' dir='ltr'>militum</span> <span class='ocrx_word' id='word_1_230' title='bbox 1193 3641 1231 3704; x_wconf 90' lang='lat' dir='ltr'>et</span> 
     </span>
     <span class='ocr_line' id='line_1_34' title="bbox 138 3734 1230 3830; baseline -0.008 -19"><span class='ocrx_word' id='word_1_231' title='bbox 138 3736 394 3830; x_wconf 71' lang='lat' dir='ltr'>servientum,</span> <span class='ocrx_word' id='word_1_232' title='bbox 430 3747 467 3808; x_wconf 88' lang='lat' dir='ltr'>et</span> <span class='ocrx_word' id='word_1_233' title='bbox 498 3759 632 3808; x_wconf 91' lang='lat' dir='ltr'>omnes</span> <span class='ocrx_word' id='word_1_234' title='bbox 657 3737 857 3807; x_wconf 89' lang='lat' dir='ltr'>thesauros</span> <span class='ocrx_word' id='word_1_235' title='bbox 888 3734 1134 3807; x_wconf 88' lang='lat' dir='ltr'>ecclesiarum</span> <span class='ocrx_word' id='word_1_236' title='bbox 1162 3754 1230 3803; x_wconf 91' lang='lat' dir='ltr'>sue</span> 
     </span>
     <span class='ocr_line' id='line_1_35' title="bbox 137 3830 1232 3934; baseline -0.005 -25"><span class='ocrx_word' id='word_1_237' title='bbox 137 3836 401 3912; x_wconf 89' lang='lat' dir='ltr'>iurisdictionis</span> <span class='ocrx_word' id='word_1_238' title='bbox 428 3846 519 3934; x_wconf 91' lang='lat' dir='ltr'>aput</span> <span class='ocrx_word' id='word_1_239' title='bbox 546 3836 725 3909; x_wconf 87' lang='lat' dir='ltr'>Sanctum</span> <span class='ocrx_word' id='word_1_240' title='bbox 752 3837 983 3909; x_wconf 89' lang='lat' dir='ltr'>Germanum</span> <span class='ocrx_word' id='word_1_241' title='bbox 1009 3830 1232 3930; x_wconf 87' lang='lat' dir='ltr'>congregari</span> 
     </span>
     <span class='ocr_line' id='line_1_36' title="bbox 140 3939 250 4012; baseline 0.018 -3"><span class='ocrx_word' id='word_1_242' title='bbox 140 3939 250 4012; x_wconf 87' lang='lat' dir='ltr'>iubet.</span> 
     </span>
    </p>

    <p class='ocr_par' dir='ltr' id='par_1_9' title="bbox 213 4034 1234 4134">
     <span class='ocr_line' id='line_1_37' title="bbox 213 4034 1234 4134; baseline -0.004 -24"><span class='ocrx_word' id='word_1_243' title='bbox 213 4039 400 4112; x_wconf 87' lang='lat' dir='ltr'>lohannes</span> <span class='ocrx_word' id='word_1_244' title='bbox 421 4039 467 4110; x_wconf 95' lang='lat' dir='ltr'>de</span> <span class='ocrx_word' id='word_1_245' title='bbox 487 4035 695 4134; x_wconf 91' lang='lat' dir='ltr'>Columpna</span> <span class='ocrx_word' id='word_1_246' title='bbox 714 4035 914 4120; x_wconf 86' lang='lat' dir='ltr'>cardinalis</span> <span class='ocrx_word' id='word_1_247' title='bbox 933 4034 1076 4106; x_wconf 89' lang='lat' dir='ltr'>discors</span> <span class='ocrx_word' id='word_1_248' title='bbox 1095 4057 1117 4105; x_wconf 89' lang='lat' dir='ltr'>a</span> <span class='ocrx_word' id='word_1_249' title='bbox 1135 4057 1234 4132; x_wconf 87' lang='lat' dir='ltr'>papa</span> 
     </span>
    </p>
   </div>
   <div class='ocr_carea' id='block_1_7' title="bbox 141 4149 1106 4242">
    <p class='ocr_par' dir='ltr' id='par_1_10' title="bbox 141 4149 1106 4242">
     <span class='ocr_line' id='line_1_38' title="bbox 141 4149 1106 4242; baseline -0.002 -26"><span class='ocrx_word' id='word_1_250' title='bbox 141 4153 192 4236; x_wconf 82' lang='lat'>57)</span> <span class='ocrx_word' id='word_1_251' title='bbox 217 4156 371 4220; x_wconf 80' lang='lat' dir='ltr'>Waltzen.</span> <span class='ocrx_word' id='word_1_252' title='bbox 458 4153 507 4232; x_wconf 82' lang='lat'>58)</span> <span class='ocrx_word' id='word_1_253' title='bbox 531 4153 611 4216; x_wconf 84' lang='lat' dir='ltr'>Petri</span> <span class='ocrx_word' id='word_1_254' title='bbox 635 4155 675 4216; x_wconf 90' lang='lat' dir='ltr'>de</span> <span class='ocrx_word' id='word_1_255' title='bbox 696 4155 799 4242; x_wconf 58' lang='lat' dir='ltr'>Vinea</span> <span class='ocrx_word' id='word_1_256' title='bbox 823 4153 992 4226; x_wconf 81' lang='lat' dir='ltr'>dictamina</span> <span class='ocrx_word' id='word_1_257' title='bbox 1013 4149 1035 4225; x_wconf 94' lang='lat' dir='ltr'>l,</span> <span class='ocrx_word' id='word_1_258' title='bbox 1056 4151 1106 4216; x_wconf 84' lang='lat'>30.</span> 
     </span>
    </p>
   </div>
   <div class='ocr_carea' id='block_1_8' title="bbox 0 0 1709 5026">
    <p class='ocr_par' dir='ltr' id='par_1_11' title="bbox 0 0 1709 5026">
     <span class='ocr_line' id='line_1_39' title="bbox 0 0 1709 5026; baseline 0 0"><span class='ocrx_word' id='word_1_259' title='bbox 0 0 1709 5026; x_wconf 95' lang='lat' dir='ltr'> </span> 
     </span>
    </p>
   </div>
  </div>
 </body>
</html>
