<?xml version="1.0" encoding="UTF-8"?>
<!DOCTYPE html PUBLIC "-//W3C//DTD XHTML 1.0 Transitional//EN"
    "http://www.w3.org/TR/xhtml1/DTD/xhtml1-transitional.dtd">
<html xmlns="http://www.w3.org/1999/xhtml" xml:lang="en" lang="en">
 <head>
  <title>
</title>
<meta http-equiv="Content-Type" content="text/html;charset=utf-8" />
  <meta name='ocr-system' content='tesseract 3.04.00' />
  <meta name='ocr-capabilities' content='ocr_page ocr_carea ocr_par ocr_line ocrx_word'/>
</head>
<body>
  <div class='ocr_page' id='page_1' title='image "./ryccardidesanct00ricagoog_0172.png"; bbox 0 0 3352 5026; ppageno 0'>
   <div class='ocr_carea' id='block_1_1' title="bbox 423 425 1317 538">
    <p class='ocr_par' dir='ltr' id='par_1_1' title="bbox 423 425 1317 538">
     <span class='ocr_line' id='line_1_1' title="bbox 423 425 1317 538; baseline -0.006 -35"><span class='ocrx_word' id='word_1_1' title='bbox 423 436 494 508; x_wconf 76' lang='lat'><strong>154</strong></span> <span class='ocrx_word' id='word_1_2' title='bbox 622 426 904 504; x_wconf 84' lang='lat' dir='ltr'><strong>RYCCARDUS</strong></span> <span class='ocrx_word' id='word_1_3' title='bbox 931 427 994 500; x_wconf 78' lang='lat' dir='ltr'><strong>DE</strong></span> <span class='ocrx_word' id='word_1_4' title='bbox 1021 426 1057 538; x_wconf 49' lang='lat' dir='ltr'><strong>Sl.</strong></span> <span class='ocrx_word' id='word_1_5' title='bbox 1087 425 1317 500; x_wconf 81' lang='lat' dir='ltr'><strong>GERMANO</strong></span> 
     </span>
    </p>
   </div>
   <div class='ocr_carea' id='block_1_2' title="bbox 419 625 1514 728">
    <p class='ocr_par' dir='ltr' id='par_1_2' title="bbox 419 625 1514 728">
     <span class='ocr_line' id='line_1_2' title="bbox 419 625 1514 728; baseline -0.004 -24"><span class='ocrx_word' id='word_1_6' title='bbox 419 631 508 704; x_wconf 86' lang='lat' dir='ltr'><strong>liam</strong></span> <span class='ocrx_word' id='word_1_7' title='bbox 528 633 565 702; x_wconf 93' lang='lat' dir='ltr'><strong>in</strong></span> <span class='ocrx_word' id='word_1_8' title='bbox 584 629 717 728; x_wconf 87' lang='lat' dir='ltr'><strong>Apulia</strong></span> <span class='ocrx_word' id='word_1_9' title='bbox 736 631 782 701; x_wconf 90' lang='lat' dir='ltr'><strong>ad</strong></span> <span class='ocrx_word' id='word_1_10' title='bbox 802 627 1069 726; x_wconf 82' lang='lat' dir='ltr'><strong>imperatorem</strong></span> <span class='ocrx_word' id='word_1_11' title='bbox 1089 625 1204 722; x_wconf 76' lang='lat' dir='ltr'><strong>venit,</strong></span> <span class='ocrx_word' id='word_1_12' title='bbox 1230 625 1292 722; x_wconf 88' lang='lat' dir='ltr'><strong>qui</strong></span> <span class='ocrx_word' id='word_1_13' title='bbox 1313 635 1514 722; x_wconf 83' lang='lat' dir='ltr'><strong>perlatam</strong></span> 
     </span>
    </p>
   </div>
   <div class='ocr_carea' id='block_1_3' title="bbox 419 725 1652 827">
    <p class='ocr_par' dir='ltr' id='par_1_3' title="bbox 419 725 1652 827">
     <span class='ocr_line' id='line_1_3' title="bbox 419 725 1652 827; baseline -0.012 -22"><span class='ocrx_word' id='word_1_14' title='bbox 419 735 596 827; x_wconf 87' lang='lat' dir='ltr'><strong>hyemem</strong></span> <span class='ocrx_word' id='word_1_15' title='bbox 612 729 869 826; x_wconf 81' lang='lat' dir='ltr'><strong>fuitinregno.</strong></span> <span class='ocrx_word' id='word_1_16' title='bbox 902 725 1513 819; x_wconf 71' lang='lat' dir='ltr'><strong>Hocannollenricusdeltlorw,</strong></span> <span class='ocrx_word' id='word_1_17' title='bbox 1650 777 1652 790; x_wconf 93' lang='lat'><em>.</em></span> 
     </span>
    </p>
   </div>
   <div class='ocr_carea' id='block_1_4' title="bbox 421 825 1513 1006">
    <p class='ocr_par' dir='ltr' id='par_1_4' title="bbox 421 825 1513 1006">
     <span class='ocr_line' id='line_1_4' title="bbox 421 825 1513 929; baseline -0.006 -25"><span class='ocrx_word' id='word_1_18' title='bbox 421 835 603 929; x_wconf 83' lang='lat' dir='ltr'><strong>magister</strong></span> <span class='ocrx_word' id='word_1_19' title='bbox 633 833 821 928; x_wconf 86' lang='lat' dir='ltr'><strong>quendam</strong></span> <span class='ocrx_word' id='word_1_20' title='bbox 853 829 1090 926; x_wconf 76' lang='lat' dir='ltr'><strong>iustitiarius,</strong></span> <span class='ocrx_word' id='word_1_21' title='bbox 1123 827 1159 898; x_wconf 90' lang='lat' dir='ltr'><strong>in</strong></span> <span class='ocrx_word' id='word_1_22' title='bbox 1190 826 1323 926; x_wconf 80' lang='lat' dir='ltr'>Apulia</span> <span class='ocrx_word' id='word_1_23' title='bbox 1355 825 1513 900; x_wconf 89' lang='lat' dir='ltr'><strong>naturali</strong></span> 
     </span>
     <span class='ocr_line' id='line_1_5' title="bbox 421 929 708 1006; baseline -0.01 -2"><span class='ocrx_word' id='word_1_24' title='bbox 421 943 541 1005; x_wconf 88' lang='lat' dir='ltr'><strong>morte</strong></span> <span class='ocrx_word' id='word_1_25' title='bbox 560 929 708 1006; x_wconf 82' lang='lat' dir='ltr'><strong>defecit.</strong></span> 
     </span>
    </p>
   </div>
   <div class='ocr_carea' id='block_1_5' title="bbox 904 1062 1029 1154">
    <p class='ocr_par' dir='ltr' id='par_1_5' title="bbox 904 1062 1029 1154">
     <span class='ocr_line' id='line_1_6' title="bbox 904 1062 1029 1154; baseline -0.008 -3"><span class='ocrx_word' id='word_1_26' title='bbox 904 1062 1029 1154; x_wconf 71' lang='lat'><strong>1243.</strong></span> 
     </span>
    </p>
   </div>
   <div class='ocr_carea' id='block_1_6' title="bbox 313 1200 1517 2705">
    <p class='ocr_par' dir='ltr' id='par_1_6' title="bbox 421 1200 1514 1399">
     <span class='ocr_line' id='line_1_7' title="bbox 496 1200 1514 1297; baseline -0.004 -23"><span class='ocrx_word' id='word_1_27' title='bbox 496 1201 628 1274; x_wconf 89' lang='lat' dir='ltr'><strong>Mense</strong></span> <span class='ocrx_word' id='word_1_28' title='bbox 642 1201 802 1274; x_wconf 80' lang='lat' dir='ltr'><strong>Ianuarii</strong></span> <span class='ocrx_word' id='word_1_29' title='bbox 822 1201 1011 1297; x_wconf 80' lang='lat' dir='ltr'><strong>generalis</strong></span> <span class='ocrx_word' id='word_1_30' title='bbox 1032 1200 1190 1276; x_wconf 86' lang='lat' dir='ltr'><strong>collecta</strong></span> <span class='ocrx_word' id='word_1_31' title='bbox 1207 1224 1275 1297; x_wconf 87' lang='lat' dir='ltr'><strong>per</strong></span> <span class='ocrx_word' id='word_1_32' title='bbox 1292 1208 1414 1274; x_wconf 86' lang='lat' dir='ltr'><strong>tetum</strong></span> <span class='ocrx_word' id='word_1_33' title='bbox 1431 1221 1514 1294; x_wconf 80' lang='lat' dir='ltr'><strong>reg-</strong></span> 
     </span>
     <span class='ocr_line' id='line_1_8' title="bbox 421 1302 702 1399; baseline -0.014 -23"><span class='ocrx_word' id='word_1_34' title='bbox 421 1328 511 1376; x_wconf 93' lang='lat' dir='ltr'><strong>num</strong></span> <span class='ocrx_word' id='word_1_35' title='bbox 533 1302 702 1399; x_wconf 78' lang='lat' dir='ltr'><strong>exigitur.</strong></span> 
     </span>
    </p>

    <p class='ocr_par' dir='ltr' id='par_1_7' title="bbox 436 1399 1513 1498">
     <span class='ocr_line' id='line_1_9' title="bbox 436 1399 1513 1498; baseline -0.004 -22"><span class='ocrx_word' id='word_1_36' title='bbox 436 1449 441 1454; x_wconf 89' lang='lat'>-</span> <span class='ocrx_word' id='word_1_37' title='bbox 495 1403 627 1478; x_wconf 87' lang='lat' dir='ltr'><strong>Mense</strong></span> <span class='ocrx_word' id='word_1_38' title='bbox 641 1400 830 1478; x_wconf 87' lang='lat' dir='ltr'><strong>Februarii</strong></span> <span class='ocrx_word' id='word_1_39' title='bbox 848 1401 984 1476; x_wconf 85' lang='lat' dir='ltr'><strong>milites</strong></span> <span class='ocrx_word' id='word_1_40' title='bbox 1000 1424 1133 1476; x_wconf 87' lang='lat' dir='ltr'><strong>omnes</strong></span> <span class='ocrx_word' id='word_1_41' title='bbox 1149 1400 1211 1498; x_wconf 91' lang='lat' dir='ltr'><strong>qui</strong></span> <span class='ocrx_word' id='word_1_42' title='bbox 1226 1399 1369 1476; x_wconf 86' lang='lat' dir='ltr'><strong>servire</strong></span> <span class='ocrx_word' id='word_1_43' title='bbox 1383 1409 1513 1472; x_wconf 86' lang='lat' dir='ltr'><strong>tenen·</strong></span> 
     </span>
    </p>

    <p class='ocr_par' dir='ltr' id='par_1_8' title="bbox 420 1498 1517 1780">
     <span class='ocr_line' id='line_1_10' title="bbox 420 1498 1517 1601; baseline 0 -27"><span class='ocrx_word' id='word_1_44' title='bbox 420 1514 492 1596; x_wconf 81' lang='lat' dir='ltr'><strong>tur,</strong></span> <span class='ocrx_word' id='word_1_45' title='bbox 511 1503 684 1578; x_wconf 89' lang='lat' dir='ltr'><strong>iubentur</strong></span> <span class='ocrx_word' id='word_1_46' title='bbox 704 1526 750 1576; x_wconf 85' lang='lat' dir='ltr'><strong>ex</strong></span> <span class='ocrx_word' id='word_1_47' title='bbox 769 1513 875 1601; x_wconf 89' lang='lat' dir='ltr'><strong>parte</strong></span> <span class='ocrx_word' id='word_1_48' title='bbox 895 1501 1037 1578; x_wconf 88' lang='lat' dir='ltr'><strong>cesaris</strong></span> <span class='ocrx_word' id='word_1_49' title='bbox 1056 1501 1093 1574; x_wconf 93' lang='lat' dir='ltr'><strong>in</strong></span> <span class='ocrx_word' id='word_1_50' title='bbox 1113 1501 1221 1599; x_wconf 85' lang='lat' dir='ltr'><strong>equis</strong></span> <span class='ocrx_word' id='word_1_51' title='bbox 1236 1511 1274 1574; x_wconf 86' lang='lat' dir='ltr'><strong>et</strong></span> <span class='ocrx_word' id='word_1_52' title='bbox 1288 1498 1403 1576; x_wconf 89' lang='lat' dir='ltr'><strong>armis</strong></span> <span class='ocrx_word' id='word_1_53' title='bbox 1417 1504 1517 1576; x_wconf 88' lang='lat' dir='ltr'><strong>bene</strong></span> 
     </span>
     <span class='ocr_line' id='line_1_11' title="bbox 422 1600 1515 1702; baseline -0.002 -26"><span class='ocrx_word' id='word_1_54' title='bbox 422 1603 567 1701; x_wconf 69' lang='lat' dir='ltr'><strong>parari,</strong></span> <span class='ocrx_word' id='word_1_55' title='bbox 599 1614 639 1679; x_wconf 90' lang='lat' dir='ltr'><strong>ut</strong></span> <span class='ocrx_word' id='word_1_56' title='bbox 663 1627 751 1678; x_wconf 86' lang='lat' dir='ltr'><strong>esse</strong></span> <span class='ocrx_word' id='word_1_57' title='bbox 778 1606 940 1679; x_wconf 88' lang='lat' dir='ltr'><strong>debeant</strong></span> <span class='ocrx_word' id='word_1_58' title='bbox 965 1601 1003 1676; x_wconf 92' lang='lat' dir='ltr'><strong>in</strong></span> <span class='ocrx_word' id='word_1_59' title='bbox 1028 1602 1206 1680; x_wconf 80' lang='lat' dir='ltr'><strong>Kalendis</strong></span> <span class='ocrx_word' id='word_1_60' title='bbox 1232 1600 1371 1702; x_wconf 86' lang='lat' dir='ltr'><strong>Aprilis</strong></span> <span class='ocrx_word' id='word_1_61' title='bbox 1392 1601 1515 1698; x_wconf 88' lang='lat' dir='ltr'><strong>primo</strong></span> 
     </span>
     <span class='ocr_line' id='line_1_12' title="bbox 420 1702 972 1780; baseline 0.002 -5"><span class='ocrx_word' id='word_1_62' title='bbox 420 1703 552 1776; x_wconf 88' lang='lat' dir='ltr'><strong>futuris</strong></span> <span class='ocrx_word' id='word_1_63' title='bbox 571 1707 618 1777; x_wconf 85' lang='lat' dir='ltr'><strong>ad</strong></span> <span class='ocrx_word' id='word_1_64' title='bbox 637 1702 833 1780; x_wconf 87' lang='lat' dir='ltr'><strong>servitium</strong></span> <span class='ocrx_word' id='word_1_65' title='bbox 851 1728 972 1778; x_wconf 88' lang='lat' dir='ltr'><strong>suum.</strong></span> 
     </span>
    </p>

    <p class='ocr_par' dir='ltr' id='par_1_9' title="bbox 495 1803 780 1880">
     <span class='ocr_line' id='line_1_13' title="bbox 495 1803 780 1880; baseline -0.004 -5"><span class='ocrx_word' id='word_1_66' title='bbox 495 1803 631 1880; x_wconf 84' lang='lat' dir='ltr'><strong>Mense</strong></span> <span class='ocrx_word' id='word_1_67' title='bbox 647 1803 780 1876; x_wconf 86' lang='lat' dir='ltr'><strong>Martii.</strong></span> 
     </span>
    </p>

    <p class='ocr_par' dir='ltr' id='par_1_10' title="bbox 419 1902 1517 2403">
     <span class='ocr_line' id='line_1_14' title="bbox 493 1902 1513 2002; baseline 0 -28"><span class='ocrx_word' id='word_1_68' title='bbox 493 1904 626 1980; x_wconf 86' lang='lat' dir='ltr'><strong>Mense</strong></span> <span class='ocrx_word' id='word_1_69' title='bbox 651 1903 786 2002; x_wconf 87' lang='lat' dir='ltr'><strong>Aprilis</strong></span> <span class='ocrx_word' id='word_1_70' title='bbox 814 1903 1019 2002; x_wconf 86' lang='lat' dir='ltr'><strong>imperator</strong></span> <span class='ocrx_word' id='word_1_71' title='bbox 1049 1906 1096 1980; x_wconf 83' lang='lat' dir='ltr'><strong>dc</strong></span> <span class='ocrx_word' id='word_1_72' title='bbox 1120 1902 1252 2000; x_wconf 82' lang='lat' dir='ltr'><strong>Apulia</strong></span> <span class='ocrx_word' id='word_1_73' title='bbox 1281 1910 1513 2000; x_wconf 76' lang='lat' dir='ltr'><strong>congregate</strong></span> 
     </span>
     <span class='ocr_line' id='line_1_15' title="bbox 420 2003 1512 2100; baseline 0.002 -26"><span class='ocrx_word' id='word_1_74' title='bbox 420 2003 604 2100; x_wconf 69' lang='lat' dir='ltr'><strong>exercitu,</strong></span> <span class='ocrx_word' id='word_1_75' title='bbox 642 2004 742 2081; x_wconf 90' lang='lat' dir='ltr'><strong>venit</strong></span> <span class='ocrx_word' id='word_1_76' title='bbox 768 2003 804 2078; x_wconf 91' lang='lat' dir='ltr'><strong>in</strong></span> <span class='ocrx_word' id='word_1_77' title='bbox 830 2015 972 2080; x_wconf 87' lang='lat' dir='ltr'><strong>terram</strong></span> <span class='ocrx_word' id='word_1_78' title='bbox 996 2003 1175 2099; x_wconf 77' lang='lat' dir='ltr'><strong>Laberis,</strong></span> <span class='ocrx_word' id='word_1_79' title='bbox 1199 2006 1244 2078; x_wconf 86' lang='lat' dir='ltr'><strong>ad</strong></span> <span class='ocrx_word' id='word_1_80' title='bbox 1272 2028 1384 2100; x_wconf 89' lang='lat' dir='ltr'><strong>quem</strong></span> <span class='ocrx_word' id='word_1_81' title='bbox 1411 2027 1512 2076; x_wconf 89' lang='lat' dir='ltr'><strong>surn-</strong></span> 
     </span>
     <span class='ocr_line' id='line_1_16' title="bbox 419 2103 1515 2202; baseline 0 -26"><span class='ocrx_word' id='word_1_82' title='bbox 419 2104 548 2180; x_wconf 86' lang='lat' dir='ltr'><strong>menili</strong></span> <span class='ocrx_word' id='word_1_83' title='bbox 577 2104 718 2184; x_wconf 86' lang='lat' dir='ltr'><strong>milites</strong></span> <span class='ocrx_word' id='word_1_84' title='bbox 738 2104 775 2178; x_wconf 93' lang='lat' dir='ltr'><strong>in</strong></span> <span class='ocrx_word' id='word_1_85' title='bbox 803 2105 911 2202; x_wconf 85' lang='lat' dir='ltr'><strong>equis</strong></span> <span class='ocrx_word' id='word_1_86' title='bbox 931 2115 967 2180; x_wconf 91' lang='lat' dir='ltr'><strong>et</strong></span> <span class='ocrx_word' id='word_1_87' title='bbox 986 2104 1100 2180; x_wconf 87' lang='lat' dir='ltr'><strong>armis</strong></span> <span class='ocrx_word' id='word_1_88' title='bbox 1120 2127 1253 2178; x_wconf 88' lang='lat' dir='ltr'><strong>omnes</strong></span> <span class='ocrx_word' id='word_1_89' title='bbox 1273 2103 1515 2198; x_wconf 66' lang='lat' dir='ltr'><strong>conveniunt,</strong></span> 
     </span>
     <span class='ocr_line' id='line_1_17' title="bbox 419 2204 1517 2303; baseline -0.001 -27"><span class='ocrx_word' id='word_1_90' title='bbox 419 2228 490 2278; x_wconf 88' lang='lat' dir='ltr'><strong>nec</strong></span> <span class='ocrx_word' id='word_1_91' title='bbox 515 2230 590 2282; x_wconf 88' lang='lat' dir='ltr'><strong>non</strong></span> <span class='ocrx_word' id='word_1_92' title='bbox 618 2216 655 2278; x_wconf 82' lang='lat' dir='ltr'><strong>at</strong></span> <span class='ocrx_word' id='word_1_93' title='bbox 682 2216 807 2280; x_wconf 88' lang='lat' dir='ltr'><strong>certus</strong></span> <span class='ocrx_word' id='word_1_94' title='bbox 834 2229 1014 2282; x_wconf 86' lang='lat' dir='ltr'><strong>numerus</strong></span> <span class='ocrx_word' id='word_1_95' title='bbox 1034 2205 1265 2282; x_wconf 86' lang='lat' dir='ltr'><strong>servientum</strong></span> <span class='ocrx_word' id='word_1_96' title='bbox 1284 2208 1333 2282; x_wconf 88' lang='lat' dir='ltr'><strong>de</strong></span> <span class='ocrx_word' id='word_1_97' title='bbox 1350 2204 1517 2303; x_wconf 87' lang='lat' dir='ltr'><strong>qualibet</strong></span> 
     </span>
     <span class='ocr_line' id='line_1_18' title="bbox 419 2309 735 2403; baseline 0.009 -28"><span class='ocrx_word' id='word_1_98' title='bbox 419 2314 520 2382; x_wconf 85' lang='lat' dir='ltr'><strong>terra</strong></span> <span class='ocrx_word' id='word_1_99' title='bbox 539 2309 585 2379; x_wconf 89' lang='lat' dir='ltr'><strong>de</strong></span> <span class='ocrx_word' id='word_1_100' title='bbox 604 2331 735 2403; x_wconf 83' lang='lat' dir='ltr'><strong>regno.</strong></span> 
     </span>
    </p>

    <p class='ocr_par' dir='ltr' id='par_1_11' title="bbox 313 2403 1515 2705">
     <span class='ocr_line' id='line_1_19' title="bbox 493 2403 1515 2505; baseline 0.002 -29"><span class='ocrx_word' id='word_1_101' title='bbox 493 2403 625 2480; x_wconf 90' lang='lat' dir='ltr'><strong>Mense</strong></span> <span class='ocrx_word' id='word_1_102' title='bbox 650 2405 762 2478; x_wconf 89' lang='lat' dir='ltr'><strong>Madii</strong></span> <span class='ocrx_word' id='word_1_103' title='bbox 789 2407 994 2504; x_wconf 85' lang='lat' dir='ltr'><strong>imperator</strong></span> <span class='ocrx_word' id='word_1_104' title='bbox 1018 2405 1101 2504; x_wconf 84' lang='lat' dir='ltr'><strong>ipse</strong></span> <span class='ocrx_word' id='word_1_105' title='bbox 1127 2409 1172 2484; x_wconf 88' lang='lat' dir='ltr'><strong>de</strong></span> <span class='ocrx_word' id='word_1_106' title='bbox 1192 2406 1322 2505; x_wconf 89' lang='lat' dir='ltr'><strong>Capua</strong></span> <span class='ocrx_word' id='word_1_107' title='bbox 1340 2427 1515 2499; x_wconf 69' lang='lat' dir='ltr'><strong>movens,</strong></span> 
     </span>
     <span class='ocr_line' id='line_1_20' title="bbox 419 2505 1513 2602; baseline 0 -26"><span class='ocrx_word' id='word_1_108' title='bbox 419 2516 456 2576; x_wconf 89' lang='lat' dir='ltr'><strong>et</strong></span> <span class='ocrx_word' id='word_1_109' title='bbox 474 2529 543 2602; x_wconf 89' lang='lat' dir='ltr'><strong>per</strong></span> <span class='ocrx_word' id='word_1_110' title='bbox 560 2505 741 2584; x_wconf 84' lang='lat' dir='ltr'><strong>Sanctum</strong></span> <span class='ocrx_word' id='word_1_111' title='bbox 756 2506 988 2583; x_wconf 89' lang='lat' dir='ltr'><strong>Germanum</strong></span> <span class='ocrx_word' id='word_1_112' title='bbox 1007 2507 1205 2580; x_wconf 89' lang='lat' dir='ltr'><strong>transitum</strong></span> <span class='ocrx_word' id='word_1_113' title='bbox 1224 2508 1369 2582; x_wconf 83' lang='lat' dir='ltr'><strong>habens</strong></span> <span class='ocrx_word' id='word_1_114' title='bbox 1389 2516 1428 2578; x_wconf 84' lang='lat' dir='ltr'><strong>et</strong></span> <span class='ocrx_word' id='word_1_115' title='bbox 1445 2528 1513 2602; x_wconf 88' lang='lat' dir='ltr'><strong>per</strong></span> 
     </span>
     <span class='ocr_line' id='line_1_21' title="bbox 313 2605 1513 2705; baseline 0.003 -28"><span class='ocrx_word' id='word_1_116' title='bbox 313 2642 318 2651; x_wconf 83' lang='lat'>·</span> <span class='ocrx_word' id='word_1_117' title='bbox 417 2605 627 2704; x_wconf 74' lang='lat' dir='ltr'><strong>Aquinum,</strong></span> <span class='ocrx_word' id='word_1_118' title='bbox 657 2617 747 2705; x_wconf 87' lang='lat' dir='ltr'><strong>aput</strong></span> <span class='ocrx_word' id='word_1_119' title='bbox 771 2607 975 2704; x_wconf 80' lang='lat' dir='ltr'><strong>Flagellam</strong></span> <span class='ocrx_word' id='word_1_120' title='bbox 1004 2631 1046 2680; x_wconf 89' lang='lat' dir='ltr'><strong>se</strong></span> <span class='ocrx_word' id='word_1_121' title='bbox 1072 2607 1244 2703; x_wconf 79' lang='lat' dir='ltr'><strong>contulit3</strong></span> <span class='ocrx_word' id='word_1_122' title='bbox 1279 2607 1340 2683; x_wconf 92' lang='lat' dir='ltr'><strong>ubi</strong></span> <span class='ocrx_word' id='word_1_123' title='bbox 1367 2605 1513 2680; x_wconf 85' lang='lat' dir='ltr'><strong>faciens</strong></span> 
     </span>
    </p>
   </div>
   <div class='ocr_carea' id='block_1_7' title="bbox 418 2705 1619 2806">
    <p class='ocr_par' dir='ltr' id='par_1_12' title="bbox 418 2705 1619 2806">
     <span class='ocr_line' id='line_1_22' title="bbox 418 2705 1619 2806; baseline 0.002 -30"><span class='ocrx_word' id='word_1_124' title='bbox 418 2705 631 2804; x_wconf 87' lang='lat' dir='ltr'><strong>aliquandiu</strong></span> <span class='ocrx_word' id='word_1_125' title='bbox 646 2732 806 2804; x_wconf 78' lang='lat' dir='ltr'><strong>moram,</strong></span> <span class='ocrx_word' id='word_1_126' title='bbox 821 2707 907 2780; x_wconf 89' lang='lat' dir='ltr'><strong>inde</strong></span> <span class='ocrx_word' id='word_1_127' title='bbox 925 2731 991 2806; x_wconf 90' lang='lat' dir='ltr'><strong>per</strong></span> <span class='ocrx_word' id='word_1_128' title='bbox 1006 2708 1264 2806; x_wconf 75' lang='lat' dir='ltr'><strong>Campaniam,</strong></span> <span class='ocrx_word' id='word_1_129' title='bbox 1284 2709 1385 2784; x_wconf 82' lang='lat' dir='ltr'><strong>factu</strong></span> <span class='ocrx_word' id='word_1_130' title='bbox 1396 2715 1511 2806; x_wconf 90' lang='lat' dir='ltr'><strong>ponte</strong></span> <span class='ocrx_word' id='word_1_131' title='bbox 1612 2707 1619 2720; x_wconf 88' lang='lat'>&#39;</span> 
     </span>
    </p>
   </div>
   <div class='ocr_carea' id='block_1_8' title="bbox 414 2805 1514 4191">
    <p class='ocr_par' dir='ltr' id='par_1_13' title="bbox 416 2805 1512 3586">
     <span class='ocr_line' id='line_1_23' title="bbox 418 2805 1512 2907; baseline 0.001 -30"><span class='ocrx_word' id='word_1_132' title='bbox 418 2831 534 2904; x_wconf 92' lang='lat' dir='ltr'><strong>super</strong></span> <span class='ocrx_word' id='word_1_133' title='bbox 559 2805 702 2880; x_wconf 88' lang='lat' dir='ltr'><strong>flumen</strong></span> <span class='ocrx_word' id='word_1_134' title='bbox 728 2808 934 2907; x_wconf 78' lang='lat' dir='ltr'><strong>Ceperani‚</strong></span> <span class='ocrx_word' id='word_1_135' title='bbox 966 2808 1166 2882; x_wconf 87' lang='lat' dir='ltr'><strong>transitum</strong></span> <span class='ocrx_word' id='word_1_136' title='bbox 1196 2809 1363 2904; x_wconf 79' lang='lat' dir='ltr'><strong>habens,</strong></span> <span class='ocrx_word' id='word_1_137' title='bbox 1397 2829 1512 2905; x_wconf 87' lang='lat' dir='ltr'><strong>super</strong></span> 
     </span>
     <span class='ocr_line' id='line_1_24' title="bbox 418 2907 1512 3005; baseline -0.003 -24"><span class='ocrx_word' id='word_1_138' title='bbox 418 2907 556 2982; x_wconf 81' lang='lat' dir='ltr'><strong>Urbem</strong></span> <span class='ocrx_word' id='word_1_139' title='bbox 587 2909 708 3005; x_wconf 58' lang='lat' dir='ltr'><strong>vadit3,</strong></span> <span class='ocrx_word' id='word_1_140' title='bbox 749 2911 809 2985; x_wconf 91' lang='lat' dir='ltr'><strong>ubi</strong></span> <span class='ocrx_word' id='word_1_141' title='bbox 840 2920 963 2982; x_wconf 88' lang='lat' dir='ltr'><strong>turres</strong></span> <span class='ocrx_word' id='word_1_142' title='bbox 996 2910 1197 2984; x_wconf 84' lang='lat' dir='ltr'><strong>nonnullas</strong></span> <span class='ocrx_word' id='word_1_143' title='bbox 1227 2909 1392 2984; x_wconf 84' lang='lat' dir='ltr'><strong>funditus</strong></span> <span class='ocrx_word' id='word_1_144' title='bbox 1423 2907 1512 2982; x_wconf 81' lang='lat' dir='ltr'><strong>fecit</strong></span> 
     </span>
     <span class='ocr_line' id='line_1_25' title="bbox 418 3007 1512 3108; baseline 0.004 -28"><span class='ocrx_word' id='word_1_145' title='bbox 418 3007 548 3102; x_wconf 67' lang='lat' dir='ltr'><strong>everti,</strong></span> <span class='ocrx_word' id='word_1_146' title='bbox 566 3008 709 3082; x_wconf 87' lang='lat' dir='ltr'><strong>faciens</strong></span> <span class='ocrx_word' id='word_1_147' title='bbox 730 3009 764 3082; x_wconf 92' lang='lat' dir='ltr'><strong>in</strong></span> <span class='ocrx_word' id='word_1_148' title='bbox 786 3009 867 3082; x_wconf 86' lang='lat' dir='ltr'><strong>aliis</strong></span> <span class='ocrx_word' id='word_1_149' title='bbox 888 3010 1003 3084; x_wconf 85' lang='lat' dir='ltr'><strong>eliam</strong></span> <span class='ocrx_word' id='word_1_150' title='bbox 1018 3035 1131 3107; x_wconf 87' lang='lat' dir='ltr'><strong>quam</strong></span> <span class='ocrx_word' id='word_1_151' title='bbox 1145 3010 1264 3108; x_wconf 86' lang='lat' dir='ltr'><strong>potuit</strong></span> <span class='ocrx_word' id='word_1_152' title='bbox 1279 3011 1512 3103; x_wconf 72' lang='lat' dir='ltr'><strong>vastitatem3</strong></span> 
     </span>
     <span class='ocr_line' id='line_1_26' title="bbox 418 3109 1510 3206; baseline 0.002 -28"><span class='ocrx_word' id='word_1_153' title='bbox 418 3117 455 3182; x_wconf 89' lang='lat' dir='ltr'><strong>et</strong></span> <span class='ocrx_word' id='word_1_154' title='bbox 481 3117 569 3180; x_wconf 87' lang='lat' dir='ltr'><strong>lunc</strong></span> <span class='ocrx_word' id='word_1_155' title='bbox 596 3109 641 3182; x_wconf 84' lang='lat' dir='ltr'><strong>ad</strong></span> <span class='ocrx_word' id='word_1_156' title='bbox 669 3132 804 3206; x_wconf 86' lang='lat' dir='ltr'><strong>preces</strong></span> <span class='ocrx_word' id='word_1_157' title='bbox 833 3109 1074 3184; x_wconf 86' lang='lat' dir='ltr'><strong>cardinalium</strong></span> <span class='ocrx_word' id='word_1_158' title='bbox 1104 3115 1150 3188; x_wconf 88' lang='lat' dir='ltr'><strong>ab</strong></span> <span class='ocrx_word' id='word_1_159' title='bbox 1174 3111 1273 3188; x_wconf 88' lang='lat' dir='ltr'><strong>Urbe</strong></span> <span class='ocrx_word' id='word_1_160' title='bbox 1298 3111 1510 3203; x_wconf 77' lang='lat' dir='ltr'><strong>discedens,</strong></span> 
     </span>
     <span class='ocr_line' id='line_1_27' title="bbox 418 3209 1510 3310; baseline 0.004 -30"><span class='ocrx_word' id='word_1_161' title='bbox 418 3216 478 3282; x_wconf 89' lang='lat' dir='ltr'><strong>est</strong></span> <span class='ocrx_word' id='word_1_162' title='bbox 502 3231 678 3284; x_wconf 87' lang='lat' dir='ltr'><strong>reversus</strong></span> <span class='ocrx_word' id='word_1_163' title='bbox 705 3209 741 3282; x_wconf 92' lang='lat' dir='ltr'><strong>in</strong></span> <span class='ocrx_word' id='word_1_164' title='bbox 761 3235 932 3310; x_wconf 79' lang='lat' dir='ltr'><strong>regnum.</strong></span> <span class='ocrx_word' id='word_1_165' title='bbox 981 3211 1075 3284; x_wconf 87' lang='lat' dir='ltr'><strong>ltem</strong></span> <span class='ocrx_word' id='word_1_166' title='bbox 1094 3235 1228 3288; x_wconf 82' lang='lat' dir='ltr'><strong>mense</strong></span> <span class='ocrx_word' id='word_1_167' title='bbox 1246 3211 1356 3288; x_wconf 80' lang='lat' dir='ltr'><strong>Medii</strong></span> <span class='ocrx_word' id='word_1_168' title='bbox 1376 3214 1510 3286; x_wconf 86' lang='lat' dir='ltr'><strong>Preue-</strong></span> 
     </span>
     <span class='ocr_line' id='line_1_28' title="bbox 417 3307 1511 3410; baseline 0.004 -28"><span class='ocrx_word' id='word_1_169' title='bbox 417 3307 537 3384; x_wconf 90' lang='lat' dir='ltr'><strong>stinus</strong></span> <span class='ocrx_word' id='word_1_170' title='bbox 558 3309 759 3408; x_wconf 88' lang='lat' dir='ltr'><strong>episcopus</strong></span> <span class='ocrx_word' id='word_1_171' title='bbox 778 3311 1006 3410; x_wconf 86' lang='lat' dir='ltr'><strong>imperatore</strong></span> <span class='ocrx_word' id='word_1_172' title='bbox 1025 3317 1228 3388; x_wconf 85' lang='lat' dir='ltr'><strong>mandante</strong></span> <span class='ocrx_word' id='word_1_173' title='bbox 1243 3313 1422 3390; x_wconf 83' lang='lat' dir='ltr'><strong>liberatus</strong></span> <span class='ocrx_word' id='word_1_174' title='bbox 1438 3321 1511 3407; x_wconf 78' lang='lat' dir='ltr'><strong>est,</strong></span> 
     </span>
     <span class='ocr_line' id='line_1_29' title="bbox 418 3412 1510 3522; baseline 0.005 -42"><span class='ocrx_word' id='word_1_175' title='bbox 418 3419 466 3522; x_wconf 35' lang='lat' dir='ltr'><strong>et·</strong></span> <span class='ocrx_word' id='word_1_176' title='bbox 485 3419 576 3506; x_wconf 87' lang='lat' dir='ltr'><strong>aput</strong></span> <span class='ocrx_word' id='word_1_177' title='bbox 600 3412 811 3508; x_wconf 85' lang='lat' dir='ltr'><strong>Anagniam</strong></span> <span class='ocrx_word' id='word_1_178' title='bbox 841 3415 885 3484; x_wconf 88' lang='lat' dir='ltr'><strong>ad</strong></span> <span class='ocrx_word' id='word_1_179' title='bbox 916 3413 1125 3486; x_wconf 87' lang='lat' dir='ltr'><strong>cardinales</strong></span> <span class='ocrx_word' id='word_1_180' title='bbox 1158 3437 1242 3488; x_wconf 91' lang='lat' dir='ltr'><strong>cum</strong></span> <span class='ocrx_word' id='word_1_181' title='bbox 1275 3415 1418 3490; x_wconf 80' lang='lat' dir='ltr'><strong>honere</strong></span> <span class='ocrx_word' id='word_1_182' title='bbox 1454 3436 1510 3486; x_wconf 91' lang='lat' dir='ltr'><strong>re·</strong></span> 
     </span>
     <span class='ocr_line' id='line_1_30' title="bbox 416 3533 568 3586; baseline 0 -4"><span class='ocrx_word' id='word_1_183' title='bbox 416 3533 568 3586; x_wconf 80' lang='lat' dir='ltr'><strong>missus.</strong></span> 
     </span>
    </p>

    <p class='ocr_par' dir='ltr' id='par_1_14' title="bbox 414 3611 1514 4191">
     <span class='ocr_line' id='line_1_31' title="bbox 490 3611 1507 3691; baseline -0.002 -3"><span class='ocrx_word' id='word_1_184' title='bbox 490 3611 622 3688; x_wconf 83' lang='lat' dir='ltr'><strong>Mense</strong></span> <span class='ocrx_word' id='word_1_185' title='bbox 649 3611 741 3686; x_wconf 87' lang='lat' dir='ltr'><strong>lunii</strong></span> <span class='ocrx_word' id='word_1_186' title='bbox 761 3611 982 3691; x_wconf 84' lang='lat' dir='ltr'><strong>Sinibaldus</strong></span> <span class='ocrx_word' id='word_1_187' title='bbox 1000 3613 1092 3690; x_wconf 88' lang='lat' dir='ltr'><strong>tituli</strong></span> <span class='ocrx_word' id='word_1_188' title='bbox 1110 3613 1239 3689; x_wconf 87' lang='lat' dir='ltr'><strong>Sancti</strong></span> <span class='ocrx_word' id='word_1_189' title='bbox 1256 3614 1444 3690; x_wconf 84' lang='lat' dir='ltr'><strong>Laurentii</strong></span> <span class='ocrx_word' id='word_1_190' title='bbox 1471 3613 1507 3686; x_wconf 87' lang='lat' dir='ltr'><strong>in</strong></span> 
     </span>
     <span class='ocr_line' id='line_1_32' title="bbox 415 3709 1511 3814; baseline 0.004 -30"><span class='ocrx_word' id='word_1_191' title='bbox 415 3709 557 3784; x_wconf 84' lang='lat' dir='ltr'><strong>Lucina</strong></span> <span class='ocrx_word' id='word_1_192' title='bbox 569 3717 770 3809; x_wconf 86' lang='lat' dir='ltr'><strong>presbyter</strong></span> <span class='ocrx_word' id='word_1_193' title='bbox 781 3713 979 3789; x_wconf 84' lang='lat' dir='ltr'><strong>cardinalis</strong></span> <span class='ocrx_word' id='word_1_194' title='bbox 995 3714 1304 3813; x_wconf 84' lang='lat' dir='ltr'><strong>aputAnagniam</strong></span> <span class='ocrx_word' id='word_1_195' title='bbox 1319 3716 1357 3788; x_wconf 88' lang='lat' dir='ltr'><strong>in</strong></span> <span class='ocrx_word' id='word_1_196' title='bbox 1371 3737 1511 3814; x_wconf 81' lang='lat' dir='ltr'><strong>papam</strong></span> 
     </span>
     <span class='ocr_line' id='line_1_33' title="bbox 415 3811 1511 3892; baseline 0 -6"><span class='ocrx_word' id='word_1_197' title='bbox 415 3811 672 3886; x_wconf 81' lang='lat' dir='ltr'><strong>Innocentium</strong></span> <span class='ocrx_word' id='word_1_198' title='bbox 687 3814 744 3886; x_wconf 91' lang='lat' dir='ltr'><strong>lV.</strong></span> <span class='ocrx_word' id='word_1_199' title='bbox 763 3825 911 3889; x_wconf 89' lang='lat' dir='ltr'><strong>creatus</strong></span> <span class='ocrx_word' id='word_1_200' title='bbox 927 3826 986 3888; x_wconf 89' lang='lat' dir='ltr'><strong>est</strong></span> <span class='ocrx_word' id='word_1_201' title='bbox 1000 3817 1046 3888; x_wconf 91' lang='lat' dir='ltr'><strong>de</strong></span> <span class='ocrx_word' id='word_1_202' title='bbox 1062 3815 1255 3892; x_wconf 84' lang='lat' dir='ltr'><strong>voluntate</strong></span> <span class='ocrx_word' id='word_1_203' title='bbox 1268 3827 1306 3889; x_wconf 84' lang='lat' dir='ltr'><strong>et</strong></span> <span class='ocrx_word' id='word_1_204' title='bbox 1320 3839 1511 3892; x_wconf 80' lang='lat' dir='ltr'><strong>consensu</strong></span> 
     </span>
     <span class='ocr_line' id='line_1_34' title="bbox 415 3913 1514 4016; baseline 0.005 -33"><span class='ocrx_word' id='word_1_205' title='bbox 415 3913 581 3988; x_wconf 84' lang='lat' dir='ltr'><strong>emnium</strong></span> <span class='ocrx_word' id='word_1_206' title='bbox 603 3913 862 4010; x_wconf 78' lang='lat' dir='ltr'><strong>cardinalium3</strong></span> <span class='ocrx_word' id='word_1_207' title='bbox 882 3941 956 4014; x_wconf 87' lang='lat' dir='ltr'><strong>qun</strong></span> <span class='ocrx_word' id='word_1_208' title='bbox 975 3915 1100 3990; x_wconf 85' lang='lat' dir='ltr'><strong>audite</strong></span> <span class='ocrx_word' id='word_1_209' title='bbox 1114 3920 1276 3992; x_wconf 80' lang='lat' dir='ltr'><strong>domnus</strong></span> <span class='ocrx_word' id='word_1_210' title='bbox 1290 3917 1514 4016; x_wconf 79' lang='lat' dir='ltr'><strong>imperator,</strong></span> 
     </span>
     <span class='ocr_line' id='line_1_35' title="bbox 416 4013 1511 4114; baseline 0.005 -29"><span class='ocrx_word' id='word_1_211' title='bbox 416 4013 477 4109; x_wconf 88' lang='lat' dir='ltr'><strong>qui</strong></span> <span class='ocrx_word' id='word_1_212' title='bbox 492 4025 579 4088; x_wconf 89' lang='lat' dir='ltr'><strong>tunc</strong></span> <span class='ocrx_word' id='word_1_213' title='bbox 595 4025 676 4089; x_wconf 87' lang='lat' dir='ltr'><strong>erat</strong></span> <span class='ocrx_word' id='word_1_214' title='bbox 688 4013 828 4111; x_wconf 77' lang='lat' dir='ltr'><strong>llllellie⁷</strong></span> <span class='ocrx_word' id='word_1_215' title='bbox 848 4017 983 4114; x_wconf 88' lang='lat' dir='ltr'><strong>ubique</strong></span> <span class='ocrx_word' id='word_1_216' title='bbox 998 4041 1066 4114; x_wconf 89' lang='lat' dir='ltr'><strong>per</strong></span> <span class='ocrx_word' id='word_1_217' title='bbox 1079 4042 1240 4114; x_wconf 86' lang='lat' dir='ltr'><strong>regnum</strong></span> <span class='ocrx_word' id='word_1_218' title='bbox 1253 4019 1385 4094; x_wconf 84' lang='lat' dir='ltr'><strong>laudes</strong></span> <span class='ocrx_word' id='word_1_219' title='bbox 1400 4015 1511 4091; x_wconf 83' lang='lat' dir='ltr'><strong>iussit</strong></span> 
     </span>
     <span class='ocr_line' id='line_1_36' title="bbox 414 4111 956 4191; baseline 0.011 -9"><span class='ocrx_word' id='word_1_220' title='bbox 414 4111 573 4186; x_wconf 88' lang='lat' dir='ltr'><strong>Domino</strong></span> <span class='ocrx_word' id='word_1_221' title='bbox 592 4116 736 4190; x_wconf 87' lang='lat' dir='ltr'><strong>debitas</strong></span> <span class='ocrx_word' id='word_1_222' title='bbox 756 4118 956 4191; x_wconf 86' lang='lat' dir='ltr'><strong>decantari.</strong></span> 
     </span>
    </p>
   </div>
   <div class='ocr_carea' id='block_1_9' title="bbox 415 4265 776 4336">
    <p class='ocr_par' dir='ltr' id='par_1_15' title="bbox 415 4265 776 4336">
     <span class='ocr_line' id='line_1_37' title="bbox 415 4265 776 4336; baseline 0.017 -18"><span class='ocrx_word' id='word_1_223' title='bbox 415 4266 438 4336; x_wconf 74' lang='lat' dir='ltr'><strong>a)</strong></span> <span class='ocrx_word' id='word_1_224' title='bbox 457 4265 499 4320; x_wconf 74' lang='lat' dir='ltr'><strong>lr&#39;c</strong></span> <span class='ocrx_word' id='word_1_225' title='bbox 517 4281 570 4320; x_wconf 76' lang='lat' dir='ltr'><strong>eoa</strong></span> <span class='ocrx_word' id='word_1_226' title='bbox 588 4272 625 4324; x_wconf 73' lang='lat' dir='ltr'><strong>itu</strong></span> <span class='ocrx_word' id='word_1_227' title='bbox 643 4271 776 4324; x_wconf 76' lang='lat' dir='ltr'><strong>scribitur.</strong></span> 
     </span>
    </p>
   </div>
   <div class='ocr_carea' id='block_1_10' title="bbox 0 0 1680 5026">
    <p class='ocr_par' dir='ltr' id='par_1_16' title="bbox 0 0 1680 5026">
     <span class='ocr_line' id='line_1_38' title="bbox 0 0 1680 5026; baseline 0 2"><span class='ocrx_word' id='word_1_228' title='bbox 0 0 1680 5026; x_wconf 95' lang='lat' dir='ltr'><strong> </strong></span> 
     </span>
    </p>
   </div>
  </div>
 </body>
</html>
