3326 5022
410 389 459 460 48
612 383 895 460 RYCCARDUS
921 381 989 456 DE'
1010 384 1047 457 S.
1076 383 1307 458 GERMANO

563 588 651 659 Dino
670 587 760 658 satis
776 607 968 678 percussus
987 584 1137 678 uulnere,

613 687 703 758 Dirc
722 705 834 780 copor
851 684 1009 780 sinpultu·
1024 684 1120 756 luere

620 787 697 879 Veh,
724 785 918 858 lamentum
937 791 972 856 et
987 807 1134 856 carmen
1152 785 1269 857 dicere

615 887 745 959 Nostre
762 888 875 980 pontis
893 885 938 956 de
956 909 1045 956 casu
1062 887 1200 978 misere,

567 987 639 1076 (lue
657 989 801 1080 sipnata
819 989 936 1057 crucis
953 985 1140 1080 sipunculo

618 1087 740 1160 Crucis
758 1084 850 1157 hosti
867 1085 961 1158 cedit
976 1084 1146 1178 allophilo
1155 1113 1170 1176 ,·

617 1186 697 1258 Non
714 1190 755 1273 pr
768 1209 892 1280 pupna
911 1209 993 1257 ense
1011 1185 1064 1258 uel
1081 1186 1222 1279 baculo,

562 1375 570 1384 κ
621 1285 684 1358 Set
698 1292 878 1378 premente
895 1288 1005 1371 furnis
1021 1286 1199 1380 periculo‚·

570 1388 731 1475 Quantus
749 1385 864 1478 dolor,
892 1391 1029 1482 quanta
1048 1385 1253 1480 calamitas,

620 1483 745 1584 Oquis
759 1487 891 1582 pudor,
920 1485 1036 1582 qualis
1055 1489 1244 1559 anxietas!
1342 1525 1346 1534 ·

621 1587 724 1674 Quod
741 1587 926 1657 succubuit
943 1587 1197 1678 christianitas,

618 1686 801 1779 lnpiorum
820 1686 955 1781 pandet
970 1688 1132 1779 inpietas.

569 1787 648 1858 lesu
668 1787 768 1878 bone,
796 1789 827 1857 si
844 1788 905 1868 fos
925 1792 977 1858 est
994 1787 1120 1880 dicere,

620 1888 691 1959 Cur
709 1888 760 1958 sic
775 1886 914 1979 placuit
929 1910 996 1958 nos
1015 1887 1150 1959 deicere
1157 1917 1171 1979 ,·

622 1985 717 2058 Mori
735 1986 831 2058 malo
850 2011 957 2080 quara
976 1987 1072 2058 ultra
1092 1991 1216 2078 vivere,

627 2086 720 2158 Vinci
737 2085 859 2158 uidens
878 2086 1040 2158 debentes
1059 2090 1219 2161 oincerel

572 2187 657 2274 (luis
673 2189 710 2258 in
728 2193 828 2258 lanto
848 2186 972 2258 dolore
987 2190 1134 2282 positus,

624 2287 688 2360 Sui
706 2287 797 2358 diem
816 2310 889 2359 non
906 2294 1004 2381 optet
1019 2288 1158 2361 obitus?

624 2387 752 2460 Christi
770 2391 881 2459 uictus
898 2391 993 2459 iacet
1010 2392 1204 2480 ecercitus,·

629 2487 726 2560 Unde
741 2487 871 2582 pudor5
900 2487 1005 2560 dolor
1023 2495 1057 2560 et
1072 2492 1246 2582 pemitusl

576 2589 660 2676 (luis
679 2611 750 2659 noa
768 2594 880 2659 meret
895 2587 963 2660 hoc
980 2591 1240 2673 infortunium?

623 2689 756 2760 Luctus
774 2712 842 2760 ora
862 2689 1034 2760 conclusit
1052 2692 1232 2782 omnium,-

624 2788 753 2882 homa,
781 2795 892 2882 eaput
908 2795 940 2860 et
958 2795 1073 2860 mater
1090 2791 1242 2884 urbium,

629 2887 742 2960 Omne
758 2887 820 2959 tibi
837 2889 966 2973 defecit
979 2890 1163 2984 paediam.

575 2989 644 3059 Per
660 2995 693 3058 te
711 2990 804 3060 veuit
819 2987 882 3058 hec
899 2989 1093 3082 tribulatio,

631 3087 755 3159 Mundi
771 3088 894 3182 plorat
912 3113 1018 3182 queem
1038 3094 1154 3163 omnis
1172 3095 1293 3180 aotio‚·
1363 3135 1369 3150 ·

629 3189 826 3260 Christiane
845 3189 941 3260 cedis
959 3193 1103 3262 occasio

631 3289 679 3360 Tu
696 3290 817 3382 luisti5
844 3292 893 3362 sis
912 3289 1106 3362 relevatio!

578 3391 618 3461 la
638 3395 670 3460 te
687 3391 810 3474 forma
827 3393 929 3475 faeta
948 3391 1087 3462 concilii

631 3492 788 3563 Causam
808 3489 907 3561 dedit
921 3489 1025 3561 huius
1043 3491 1145 3562 acilii.

628 3589 729 3685 Apar
746 3591 848 3663 nobis
865 3590 1039 3661 insultant
1053 3590 1126 3683 tilii,

634 3692 696 3762 Tui
713 3695 885 3785 spernunt
901 3692 993 3762 uires
1011 3691 1144 3763 ausilii.

581 3791 768 3882 Dorulato,
795 3813 861 3884 que
879 3795 931 3861 tot
947 3791 1132 3864 laboribus

636 3892 664 3962 T
661 3897 699 3960 ot
716 3891 837 3975 effusis
855 3898 972 3984 empta
991 3893 1191 3985 cruoribus,

634 3990 843 4063 Christianis
862 3991 944 4062 olim
962 3993 1191 4085 principibus,

633 4091 799 4184 Potuisti,
827 4112 920 4164 nune
933 4117 1045 4185 pares
1063 4092 1244 4165 hostibus!
