3352 5026
610 421 650 491 A.
683 423 788 495 1232.
1177 423 1245 494 113

153 621 362 716 dampnum,
390 619 486 716 qnod
509 627 633 712 posset
655 624 857 714 continpere
883 645 925 692 ec
942 623 1117 716 imperilia
1138 622 1246 693 medi-

153 747 288 817 corum,
307 723 466 794 iubemus
483 722 519 790 in
536 727 716 813 posterum
731 721 864 794 nullum
880 721 1005 794 medici
1018 723 1154 794 titulum
1168 746 1248 815 pre-

152 825 350 896 tendentem
370 821 504 893 anderc
519 823 718 914 practicari
737 821 839 892 aliter
857 822 911 894 ccl
927 823 1071 915 mederi,
1093 825 1162 894 nisi
1180 823 1248 894 Su·

153 923 243 996 lerni
267 923 383 1018 primo
410 924 447 992 in
475 928 648 994 concentu
665 922 809 1016 publico
837 925 1092 1016 mapistrorum
1118 923 1248 1001 iudicio

155 1022 411 1116 comprobatus
430 1045 508 1093 eum
528 1022 843 1094 testimonialibusa
865 1023 908 1094 de
924 1023 994 1108 fide
1013 1030 1046 1095 et
1062 1024 1250 1110 sufficienti

154 1125 302 1195 scientia
328 1122 451 1200 litteris
475 1129 550 1194 tam
576 1125 832 1216 mapistrorurn
859 1147 967 1218 quarn
997 1123 1248 1196 ordinatorum

155 1229 379 1316 nostrorum,
415 1222 466 1294 ud
493 1226 708 1314 presentiam
740 1230 903 1296 nostram
936 1225 989 1296 vel
1019 1224 1165 1296 alterius
1191 1225 1251 1318 qni

153 1323 256 1395 nobis
275 1347 298 1394 a
317 1345 427 1416 repno
448 1323 651 1394 absentibus
668 1325 703 1394 in
723 1345 833 1417 repno
852 1327 1062 1396 remanserit
1090 1327 1162 1396 vice
1188 1347 1250 1396 no·

154 1431 245 1518 stra,
272 1423 462 1494 ordinatus
487 1423 673 1517 accedens,
701 1447 724 1494 a
751 1423 853 1496 nobis
877 1423 931 1494 ocl
955 1423 1001 1494 ab
1027 1423 1251 1505 comedendi

155 1523 331 1595 licentiam
351 1530 603 1616 consequatur,
625 1545 723 1616 peno
750 1523 925 1595 bonorum
951 1546 1098 1595 suorum
1126 1529 1159 1596 et
1185 1545 1249 1596 an·

155 1623 249 1696 natis
275 1624 433 1694 carceris
459 1625 659 1694 imminente
685 1623 768 1715 biis,
796 1625 856 1718 qui
882 1630 1009 1696 contra
1036 1624 1103 1696 boc
1130 1629 1251 1696 nostre

155 1725 356 1802 serenitatis
375 1722 527 1796 edictum
546 1725 627 1794 ausi
642 1725 776 1809 fuerint
792 1726 826 1794 in
843 1729 1026 1816 posterum
1039 1725 1249 1818 practicam.

229 1819 307 1894 ln⁴⁷
321 1830 420 1896 terra
432 1822 590 1918 qualibet
601 1826 701 1918 repni
713 1830 833 1896 nostre
845 1823 975 1898 dicioni
988 1826 1146 1898 subiecta
1159 1823 1251 1898 duos

156 1926 428 2018 circumspectos
447 1923 565 2012 attide
584 1923 711 2019 dipnos
729 1925 891 1998 uolumus
910 1925 1085 2016 ordinari,
1113 1932 1146 1998 et
1170 1949 1249 1996 cor-¹

154 2023 274 2118 poroli
299 2025 413 2094 abeis
435 2027 583 2116 prestito
608 2031 839 2096 sacramento
864 2027 985 2117 teneri,
1013 2049 1162 2121 quornm
1188 2049 1251 2096 no·

155 2127 252 2196 mina
272 2123 322 2196 ad
340 2125 478 2194 curiam
497 2130 659 2195 nostram
678 2127 868 2216 mittentur,
895 2125 960 2196 sub
987 2149 1137 2219 quorum
1155 2127 1251 2198 testi-

137 2221 319 2312 ficatione
346 2222 540 2294 electuario
563 2217 719 2316 sciroppi
736 2231 768 2295 el
785 2223 956 2295 medicine
973 2225 1134 2320 lopoliter
1150 2228 1251 2318 fiant,

157 2329 192 2395 et
207 2325 258 2394 sic
275 2323 377 2407 [acta
396 2321 617 2414 vendantur,-
642 2323 786 2396 Salerni
803 2326 958 2396 monime
973 2349 1039 2418 per
1056 2326 1252 2420 inopistros

157 2427 193 2495 in
210 2422 347 2516 pbisioa
365 2423 429 2494 bec
447 2421 609 2494 volumus
628 2424 837 2518 approbari.
875 2425 1034 2497 Prosenti
1051 2427 1156 2498 etiam
1176 2425 1251 2520 lepc

157 2525 358 2618 statuimus,
378 2529 418 2594 ut
434 2521 551 2595 nullus
569 2526 604 2594 in
624 2524 799 2597 medicina
819 2525 871 2596 oei
888 2527 1057 2622 cyrurpia
1076 2528 1144 2598 nisi
1163 2533 1252 2620 aput

158 2624 348 2696 Salernum
376 2629 480 2716 repat
502 2625 537 2694 in
564 2648 686 2718 rcpno,
713 2648 777 2696 neo
802 2627 968 2720 mapistri
992 2651 1121 2700 nomen
1148 2630 1251 2700 ossu-

158 2732 244 2817 mot,
265 2727 331 2795 nisi
349 2723 532 2818 dilipentcr
550 2727 777 2796 cruminatus
795 2727 831 2796 in
848 2730 1028 2818 presentia
1045 2727 1199 2812 fidelium
1218 2733 1253 2800 et

157 2827 413 2919 mopistrorum
434 2827 524 2896 artis
542 2825 708 2897 eiusdem.
763 2827 990 2914 Conficientes
1017 2829 1124 2899 etiarn
1143 2828 1251 2900 medi·

157 2926 271 3016 cinos,
299 2932 528 2996 sacramento
557 2925 796 3020 corporaliter
822 2929 968 3018 prestito
987 2927 1150 3000 volumus
1168 2928 1252 2999 obli·

157 3029 250 3120 pori,
270 3033 309 3097 ut
325 3027 424 3119 ipsas
442 3027 542 3098 irrata
562 3029 652 3099 artis
670 3033 704 3099 et
720 3027 900 3112 bominum
920 3029 1110 3124 qualitates
1124 3031 1159 3099 in
1172 3052 1251 3122 prc-

58 3141 60 3146 '
140 3131 271 3225 ‘sentia
291 3128 491 3197 iuratorum
512 3131 722 3220 conficiant5
749 3131 809 3224 qui
826 3131 857 3201 si
874 3132 1171 3223 contravenerint,
1191 3129 1251 3200 bo·

158 3249 286 3298 norum
300 3249 447 3298 snorum
463 3228 640 3300 mobilium
656 3232 829 3301 sententia
843 3229 1155 3324 condempnentur.
1186 3229 1251 3300 Or-

158 3327 272 3396 dinati
298 3349 393 3418 aero,
420 3350 571 3419 quoram
598 3329 680 3415 fidei
705 3336 787 3398 sunt
810 3329 972 3420 predicto
992 3333 1195 3421 commissa,
1221 3329 1254 3400 si

158 3425 323 3508 fraudem
352 3427 386 3494 in
412 3425 546 3496 credito
572 3428 657 3518 ipsis
674 3429 792 3514 officio
811 3431 1028 3501 commisisse
1044 3427 1252 3522 probentur,

159 3523 281 3596 ultimo
300 3523 471 3616 supplicio
489 3525 668 3609 feriendos
686 3550 876 3600 censemus.
1111 3551 1114 3558 ’

203 3624 205 3628 ’
235 3623 290 3694 De
316 3622 595 3704 aleatoribusffi:
632 3625 752 3717 blores
777 3625 946 3700 dissolute
972 3630 1158 3700 viventium
1188 3623 1251 3698 im-

155 3725 271 3818 posite
288 3747 376 3817 pene
394 3725 584 3808 formidine
605 3727 655 3797 ad
671 3730 809 3822 frupem
829 3729 985 3800 melioris
1003 3731 1069 3800 uite
1085 3729 1253 3800 reducere

160 3826 347 3918 cupientes,
367 3828 566 3916 statuimus,
586 3850 646 3897 eos
664 3829 724 3921 qui
742 3828 793 3900 ad
806 3828 925 3900 datios
939 3853 982 3900 eu
995 3829 1154 3926 quadarn
1170 3851 1253 3899 con-

159 3925 343 3998 suetudine
361 3925 497 4018 ludunt,
524 3933 559 3996 et
583 3929 618 3996 in
642 3927 726 3998 ludo
753 3931 830 4021 ipso
856 3931 1018 4002 continue
1037 3951 1251 4001 conversan-

160 4034 228 4119 tur,
256 4033 294 4098 ut
320 4025 405 4098 nulli
433 4026 494 4098 cdii
517 4033 644 4098 vacent
667 4029 785 4114 officio
813 4029 856 4100 de
883 4053 951 4124 qno
977 4031 1108 4122 uiuant,
1136 4029 1252 4102 tober-

161 4160 184 4230 a)
205 4179 296 4215 sorum
314 4167 426 4232 primurn
446 4163 569 4231 additum,
589 4167 641 4215 tum
660 4164 781 4216 deletura.
861 4160 864 4168 ’

160 4257 209 4340 47)
234 4259 252 4324 Ι.
275 4262 304 4333 3,
328 4261 371 4322 lit.
395 4261 444 4322 47.
530 4261 580 4343 48)
606 4261 624 4321 Ι.
647 4262 676 4335 3,
700 4261 745 4326 tit.
768 4259 817 4326 90.
