3352 5026
290 410 293 416 '
419 407 491 480 160
558 345 560 350 Δ
609 403 893 480 RYCCARDUS
920 407 981 479 DE
1009 405 1045 479 S.
1074 406 1346 480 GERMANO.‘

417 614 448 667 et
481 614 562 667 terra
590 604 779 677 durabilius,
811 613 841 668 et
872 605 916 666 nil
950 606 980 665 in
1010 625 1115 668 rerum
1140 612 1336 668 naturalem
1361 607 1511 670 uelociter

418 708 511 772 quam
534 707 639 751 sermo
662 689 779 752 transit.
816 690 919 750 Verba
943 690 1010 750 eius
1033 709 1199 770 quousque
1221 689 1406 769 imperfecta
1431 701 1508 762 sunt,

417 775 513 836 verba
536 793 599 834 nou
624 777 704 847 sunt,
725 779 795 834 cnm
819 792 896 834 vero
914 773 1051 852 perlecta
1076 773 1199 846 luerint,
1223 773 1352 834 omniuo
1368 774 1430 836 iam
1447 794 1508 834 non
1555 771 1561 784 ”

417 864 502 936 sunt,
538 856 611 937 quia
644 875 703 916 nec
735 855 844 936 perfici
872 855 929 918 nisi
959 857 1151 918 transeundo
1181 865 1328 936 possunt3
1362 858 1405 920 ait
1435 876 1531 936 ergo·

418 940 539 1002 coelum
563 949 593 1002 et
615 950 695 1002 terra
719 940 903 1015 transibunt,
923 942 1017 1001 verba
1041 947 1143 1002 autem
1168 959 1238 1001 mea
1261 960 1325 1001 non
1347 942 1509 1013 transient,

383 1043 392 1065 ⁸
417 1043 455 1086 ac
476 1024 501 1085 si
525 1031 633 1105 aperte
657 1023 753 1084 dicat:
785 1043 878 1084 omne
902 1024 986 1104 quod
1010 1024 1094 1104 apud
1117 1043 1174 1085 vos
1198 1023 1340 1086 durabile
1363 1034 1418 1099 est,
1441 1025 1510 1085 sine

417 1107 589 1169 mutatione
612 1105 754 1167 durabile
777 1107 816 1167 ad
840 1107 1056 1168 aeternitatem
1080 1125 1143 1167 non
1168 1113 1229 1182 est,
1254 1115 1284 1168 et
1306 1126 1400 1168 omne
1423 1108 1508 1188 quod

417 1191 501 1274 apud
528 1210 577 1251 me
608 1189 740 1252 transire
768 1189 921 1264 cernitur,
950 1189 1045 1250 fixum
1075 1197 1106 1251 et
1129 1189 1196 1252 siue
1218 1192 1349 1252 transitu
1372 1196 1508 1267 tenetur,

417 1275 490 1355 quia
520 1273 587 1336 sine
614 1271 837 1350 mutabilitate;
865 1281 1026 1334 manentes
1054 1274 1224 1336 sententias
1253 1273 1399 1354 exprimit
1421 1291 1508 1334 meus

416 1377 521 1420 sermo
546 1357 598 1438 qui
622 1357 740 1430 transit,
763 1356 808 1417 sic
823 1358 854 1417 iu
874 1357 1034 1418 iuventute
1050 1355 1131 1436 viget
1154 1376 1265 1437 corpus
1288 1357 1379 1432 forte,
1404 1365 1433 1418 ct
1455 1357 1508 1417 iu-

417 1441 541 1502 colume
563 1447 670 1501 manet
692 1447 810 1522 pectus,
833 1448 939 1502 torosa
962 1439 1077 1515 cervix,
1100 1440 1191 1520 plena
1214 1447 1287 1502 sunt
1309 1440 1454 1517 brachia;
1477 1441 1507 1500 in

418 1525 508 1586 anuis
531 1531 634 1586 autem
658 1523 807 1586 senilibus
829 1530 946 1586 statura
969 1533 1129 1597 curvatur,
1157 1525 1260 1586 cervix
1288 1523 1426 1585 exiccata
1449 1523 1508 1584 de-

417 1607 552 1686 ponitur,
573 1607 792 1689 frequentibus
814 1607 954 1689 suspiriis
976 1615 1084 1688 pectus
1105 1613 1247 1687 urgetur,
1275 1609 1371 1690 virtus
1395 1605 1509 1681 deficit,

416 1691 573 1772 loquentis
595 1694 692 1754 verba
716 1689 872 1753 anhelitus
894 1691 1059 1767 intercidit,
1083 1709 1152 1753 nam
1177 1699 1208 1751 et
1228 1691 1253 1752 si
1277 1691 1411 1769 languor
1431 1690 1509 1752 desit

417 1775 604 1855 plerumque
625 1775 763 1851 senibus,
785 1776 853 1852 ipsa
875 1793 932 1835 sua
955 1775 1040 1835 salus
1063 1774 1206 1854 egritudo
1224 1782 1281 1838 est.
1313 1774 1358 1835 lta
1376 1774 1509 1835 mundus

417 1859 448 1918 iu
471 1858 561 1919 anuis
585 1858 743 1938 prioribus
764 1858 893 1919 velutin
910 1858 1070 1919 iuventute
1086 1857 1192 1939 viguit,
1215 1858 1254 1920 ad
1272 1858 1507 1939 propagandam

417 1941 548 2002 humani
571 1940 694 2022 generis
717 1943 838 2022 prolem
860 1943 1010 2002 robustus
1027 1940 1094 2014 luit,
1117 1941 1218 2002 salute
1235 1942 1377 2020 corporis
1393 1941 1509 2016 viridis,

418 2024 578 2104 opulentia
600 2045 702 2086 rerum
727 2024 849 2106 pinguis
858 2045 866 2102 ;
890 2031 921 2086 at
945 2042 1025 2085 nunc
1048 2025 1116 2104 ipse
1138 2044 1193 2086 sua
1217 2031 1376 2086 senectute
1399 2025 1509 2106 depri-

416 2109 519 2182 mitur,
541 2111 649 2190 sicque
671 2108 710 2169 ad
728 2109 860 2170 vicinam
885 2116 1017 2170 mortem
1041 2107 1191 2170 molestiis
1214 2109 1427 2170 crescentibus
1451 2128 1509 2168 ur-

417 2202 514 2271 getur.
