3326 5022
433 429 483 500 68
636 429 919 504 arcentibus
944 429 1007 503 DE
1031 431 1070 503 S.
1097 431 1329 505 (larnano

508 631 717 728 Imperator
740 634 838 728 apud
857 630 1034 703 llarolum
1055 633 1197 729 pascha
1214 633 1362 704 Domini
1382 634 1531 729 magni·

431 730 504 803 lice
518 731 683 803 celebrat
695 731 733 803 in
748 730 851 802 omui
865 731 1002 828 gaudio
1016 743 1056 804 et
1069 733 1310 826 exultatione,
1328 735 1414 830 quia
1428 734 1532 805 sicut

432 855 480 904 ex
505 831 639 904 litteris
666 842 756 904 tunc
781 833 961 904 didicerat
977 833 1124 905 'l'bome
1141 835 1188 904 de
1206 834 1351 930 Aquino
1369 839 1529 906 Acerra·

431 956 516 1004 rum
542 931 691 1005 comitis
717 935 765 1002 ad
783 957 894 1004 suum
913 933 1108 1005 servitium
1135 935 1173 1005 iu
1190 935 1298 1028 Syria
1317 936 1530 1030 existentis,

430 1032 504 1106 illis
536 1033 667 1105 diebus
697 1033 906 1107 Coradinus
937 1034 1117 1106 soldanus
1148 1035 1324 1108 Damasci
1352 1041 1529 1108 mortuus

432 1134 564 1204 fuerat.
600 1133 722 1220 Quam
741 1137 788 1206 ob
806 1157 887 1205 rem
905 1135 944 1206 in
960 1135 1167 1207 subsidium
1181 1145 1282 1206 terre
1296 1148 1426 1208 sancte
1441 1138 1530 1208 diri·

310 1247 311 1250 ’
430 1234 726 1332 gitllyccardum
740 1236 787 1320 de
801 1234 1011 1332 principatu
1025 1236 1300 1309 marescalcum
1315 1262 1426 1308 suum
1436 1262 1528 1310 cum

430 1335 646 1434 quingentis
672 1335 871 1431 militibus,
898 1337 960 1434 qui
987 1361 1010 1408 a
1036 1337 1247 1409 Brundusio
1273 1337 1372 1410 felici
1396 1339 1527 1410 omine

428 1434 694 1509 transfretavit

505 1536 712 1633 Gregorius
737 1561 850 1634 papa,
877 1537 1066 1609 celebrato
1090 1539 1232 1635 pascha
1256 1540 1354 1636 apud
1372 1537 1527 1610 Latera·

429 1662 540 1731 num,
573 1647 663 1734 post
691 1637 843 1708 tertium
874 1637 975 1708 diem
1006 1641 1053 1710 ad
1084 1637 1264 1710 Sanctum
1296 1640 1447 1711 Petrum
1479 1663 1525 1712 se

429 1736 597 1831 contulit
615 1737 677 1811 ubi
692 1737 849 1809 Romani
863 1740 1090 1810 accedentes
1104 1739 1174 1811 ad
1164 1763 1303 1852 ipsum,
1317 1763 1403 1811 cum
1417 1739 1525 1812 illum

429 1840 628 1912 crederent
654 1838 792 1911 Urbem
821 1838 919 1910 velle
946 1839 1092 1911 occulte
1121 1841 1236 1933 exire,
1262 1851 1341 1911 turn
1369 1851 1526 1954 propter

342 1993 349 2001 .
427 1939 568 2012 iactum
596 1937 848 2036 imperatoris,
874 1949 953 2010 tum
978 1963 1045 2036 pro
1070 1941 1169 2012 facto
1187 1941 1388 2035 Viterbii,
1378 1941 1523 2014 iniuriis

428 2038 556 2113 multis
582 2050 620 2111 et
643 2039 880 2112 contumeliis
907 2039 1150 2112 affecerunt
1140 2065 1284 2139 ipsum,
1320 2054 1359 2113 et
1388 2043 1522 2114 seditio

428 2165 566 2236 magna
586 2150 714 2212 contra
735 2164 822 2212 eum
842 2141 938 2212 facta
960 2152 1019 2212 est
1037 2167 1058 2212 a
1076 2143 1330 2240 popularibus.

502 2242 634 2313 Mense
651 2241 787 2338 Aprilis
803 2242 1057 2313 Romanorum
1074 2244 1261 2315 exercitus
1277 2267 1391 2340 super
1402 2242 1522 2313 Viter·

426 2342 527 2416 bium
547 2341 658 2413 vadit.

501 2442 709 2540 Imperator
734 2467 801 2538 pro
826 2442 990 2515 subsidio
1014 2454 1115 2516 terre
1133 2455 1264 2516 sancte
1282 2449 1328 2516 ab
1348 2442 1519 2516 ecclesiis

426 2554 463 2616 et
482 2542 656 2639 personis
676 2543 944 2614 ecclesiasticis
963 2545 1099 2640 ubique
1117 2569 1187 2640 per
1201 2569 1361 2642 regnum
1376 2555 1518 2616 certam

426 2643 540 2740 exigit
566 2643 724 2758 pecunie
748 2644 1008 2758 quantitatem
1036 2655 1073 2716 et
1091 2655 1180 2716 tunc
1198 2651 1244 2718 dc
1264 2646 1365 2717 mille
1384 2647 1520 2716 ducen-

423 2747 473 2818 tis
493 2744 611 2816 unciis
631 2755 785 2842 propter
803 2746 902 2816 hoc
892 2746 1078 2858 impositis
1096 2757 1197 2818 terre
1192 2746 1443 2860 monasterii,
1460 2769 1518 2817 rc·

425 2846 526 2920 misit
544 2846 749 2942 imperator
767 2848 813 2919 de
832 2846 952 2942 gratia
971 2847 1101 2918 uncias
1120 2847 1200 2918 auri
1219 2857 1381 2920 centum.

500 2945 705 3041 Gregorius
733 2971 830 3043 papa
855 2947 991 3018 Urbem
1020 2947 1150 3018 exiens
1175 2952 1245 3020 sub
1270 2947 1342 3021 tido
1367 2949 1516 3040 ducatu⁷

423 3045 525 3119 vadit
543 3045 660 3116 lleate
679 3069 813 3117 mense
832 3045 978 3142 Aprilis.

499 3146 639 3217 Eodem
666 3169 800 3218 meuse
818 3146 1023 3243 Gregorius
1047 3173 1143 3247 papa
1169 3173 1239 3246 per
1256 3173 1345 3221 suas
1367 3149 1518 3219 mandat

421 3245 566 3318 litteras
585 3244 772 3320 universis
791 3247 1038 3322 ecclesiarum
1058 3250 1211 3346 prelatis
1231 3261 1269 3322 et
1287 3249 1432 3322 clericis
1447 3271 1518 3346 per

423 3371 583 3445 regnum
603 3345 727 3420 Sicilie
747 3349 970 3422 constitutis
997 3353 1066 3423 sub
1088 3350 1391 3423 interminatione
1410 3348 1516 3421 ultio·

423 3447 481 3522 nis
505 3447 704 3544 canonice
739 3474 788 3521 no
813 3449 896 3548 quis
916 3474 1045 3524 eorum
1064 3451 1282 3549 imperatori
1301 3461 1366 3523 aut
1383 3449 1514 3523 baiulis

423 3549 502 3622 suis
521 3551 610 3624 dare
629 3549 765 3648 aliquid
782 3575 851 3647 pro
870 3550 1143 3649 redemptione,
1170 3556 1254 3626 data
1274 3553 1335 3625 vel
1358 3552 1515 3625 collecta

421 3660 626 3750 presumat.

496 3750 715 3848 lmperatrix
745 3753 843 3848 apud
874 3751 1053 3824 Andriam
1084 3752 1201 3826 tilium
1233 3755 1331 3853 parit
1360 3752 1513 3826 nomine

421 3853 680 3947 Chunradum3
693 3875 775 3966 'que
793 3875 868 3923 non
887 3853 1005 3926 multo
1023 3864 1123 3952 post
1143 3855 1239 3928 sicut
1256 3855 1416 3929 Domino
1435 3854 1513 3952 pla-

420 3952 508 4025 cuit.
535 3951 701 4024 ibidem
691 3976 727 4024 m
747 3953 822 4025 fata
843 3954 1041 4028 concessit.

494 4027 703 4149 imperator
731 4053 839 4152 regni
869 4055 1023 4153 prelatis
1053 4067 1091 4128 et
1117 4057 1354 4155 magnatibus
1385 4081 1513 4130 coram

421 4176 462 4224 se
489 4157 586 4250 apud
605 4155 781 4227 Barolum
801 4157 1055 4270 congregatis
1082 4169 1213 4255 parato
1242 4158 1310 4232 sibi
1338 4157 1512 4232 tribunali

420 4255 488 4324 sub
517 4253 599 4326 divo
629 4267 781 4353 propter
804 4258 928 4352 gentis
953 4253 1230 4332 multitudinem
1260 4283 1333 4357 que
1359 4259 1513 4357 copiosa
