3352 5026
602 447 642 516 A.
674 446 779 518 1229.
1195 452 1242 522 75

147 647 334 720 nonnullis
355 650 400 718 de
420 645 623 717 maioribus
644 646 830 716 exercitus
852 645 1021 741 veniens,
1051 653 1118 720 sub
1143 673 1242 721 com·

147 749 350 819 minatione
370 745 614 842 depositionis
636 757 672 817 et
687 745 949 818 destructionis
967 759 1147 844 perpetue
1164 774 1241 821 nto·

147 848 301 920 nasterii
321 851 493 918 abbatem
510 847 696 943 prefatum
714 857 752 917 ut
767 845 835 918 sibi
851 848 895 917 ad
913 851 1127 918 mandatum
1144 873 1241 946 pape

148 946 418 1019 monasterium
438 949 611 1018 redderet
630 959 667 1018 et
686 948 810 1044 ipsum
826 946 1062 1018 iustitiarium
1078 946 1243 1022 trodonei

146 1049 182 1118 in
211 1071 345 1118 manus
375 1071 463 1119 suas
484 1047 659 1120 inducere
681 1049 902 1144 procuravit.
957 1048 1063 1136 Quod
1084 1073 1169 1122 cum
1190 1051 1241 1121 fa-

147 1171 232 1218 cere
258 1148 410 1218 omnino
434 1159 623 1243 renueret7
651 1149 779 1220 dicens
800 1151 896 1245 quod
917 1153 1059 1246 absque
1078 1151 1182 1246 gravi
1204 1162 1241 1222 et

145 1249 275 1344 grandi
296 1249 461 1344 periculo
476 1247 556 1320 lieri
573 1250 644 1320 boc
659 1273 731 1319 non
749 1259 891 1344 posset⁷
910 1249 1022 1344 longo
1040 1275 1155 1347 super
1170 1253 1241 1323 boc

144 1359 304 1419 tractatu
323 1349 463 1443 habitoa
483 1373 593 1444 quem
615 1373 686 1444 ego
707 1347 835 1419 nescio
851 1349 952 1419 Deus
974 1351 1055 1444 scit,
1075 1351 1239 1446 alegate

146 1459 183 1520 et
198 1449 276 1520 suis
295 1473 359 1544 pro
376 1448 558 1543 magistro
575 1448 770 1520 iustitiario
787 1448 904 1518 ethiis
917 1449 977 1544 qui
990 1473 1121 1520 secum
1135 1463 1241 1522 erant

145 1549 301 1645 prestito
330 1549 562 1642 iuramento,
591 1552 687 1645 quod
716 1548 809 1620 salvi
837 1559 988 1642 essent,
1015 1549 1085 1646 ipsi
1114 1550 1239 1646 legato

143 1649 263 1746 patuit
290 1649 572 1720 monasterium,
625 1649 696 1735 Qui
717 1649 864 1720 statutis
884 1650 920 1719 in
941 1673 985 1720 eo
1007 1650 1182 1722 militibus
1203 1661 1241 1723 et

144 1750 393 1822 servientibus
415 1750 509 1820 ultra
530 1759 694 1844 centum,
724 1773 809 1820 cum
837 1754 969 1823 abbate
998 1761 1034 1822 et
1056 1751 1238 1847 magistro

143 1851 338 1922 iustitiario
372 1873 458 1920 mox
490 1851 536 1920 ad
565 1849 743 1922 Sanctum
772 1850 1001 1922 Germanum
1034 1852 1238 1924 descendit.

143 1951 245 2037 Quos
267 1973 351 2022 cum
372 1950 544 2021 homines
564 1950 690 2022 Sancti
711 1951 902 2045 Germani7
931 1976 1158 2047 quamquam
1179 1977 1238 2025 se-

142 2053 225 2148 pius
251 2051 432 2147 requisiti7
460 2075 534 2121 non
563 2053 799 2147 recepissent
827 2051 898 2122 nisi
925 2053 1065 2123 scireut
1090 2053 1125 2124 in
1147 2077 1237 2125 vero

142 2153 266 2249 ipsum
296 2151 532 2223 iustitiarium
562 2151 758 2222 liberatum
786 2161 822 2222 et
849 2175 960 2242 suos7
996 2176 1040 2224 ea
1064 2164 1173 2224 nocte
1201 2155 1238 2224 in

142 2257 259 2348 burgo
289 2251 463 2322 exteriori
489 2274 554 2321 eos
585 2251 748 2346 oportuit
779 2261 1011 2347 pernoctare.
1066 2255 1118 2324 Ea
1149 2277 1238 2324 vero

142 2363 253 2422 nocte
269 2374 397 2422 comes
414 2351 491 2422 llao
507 2353 552 2421 de
567 2350 732 2423 Balbano
754 2375 838 2421 cum
859 2351 1047 2424 nonnullis
1068 2357 1113 2424 de
1134 2375 1239 2424 exer-

143 2453 215 2524 citu
236 2451 433 2548 imperiali7
453 2449 515 2548 qui
535 2474 577 2522 se
594 2451 631 2521 in
646 2451 782 2524 Sancto
799 2453 987 2524 Germano
1003 2465 1239 2551 receperant,

143 2563 181 2624 et
200 2553 284 2650 plus
305 2555 349 2623 de
370 2563 490 2624 morte
515 2575 627 2648 quam
647 2555 693 2623 de
712 2553 787 2623 vita
808 2557 1012 2649 sperabant
1033 2597 1076 2607 -
1097 2565 1238 2627 metue-

142 2658 231 2726 bant
259 2653 373 2747 enim7
401 2677 448 2724 ne
477 2677 497 2722 a
518 2653 659 2724 civibus
679 2652 849 2724 hostibus
869 2656 1174 2724 traderentur-
1193 2660 1237 2727 ab
1310 2665 1314 2673 '

142 2753 213 2825 biis
234 2753 295 2850 qui
315 2752 434 2824 noctis
456 2751 600 2848 vigilias
622 2753 894 2847 custodiebant,
923 2755 968 2824 de
988 2753 1126 2825 Sancto
1147 2755 1238 2826 Ger-

142 2879 253 2926 mano
273 2878 341 2951 per
359 2853 573 2951 posterulas
594 2853 751 2924 civitatis
772 2852 915 2924 dimissi
944 2863 1033 2924 sunt
1054 2853 1172 2947 liberi,
1201 2865 1238 2926 et

140 2956 311 3028 abierunt
339 2955 375 3025 in
405 2979 487 3050 sua⁷
516 2963 552 3025 et
580 2954 670 3025 nibil
699 2957 744 3026 de
774 2979 841 3025 suo
862 2953 1039 3026 hernesio
1060 2955 1237 3028 ammise-

140 3066 234 3127 runt.
266 3053 381 3152 Igitur
401 3078 512 3126 nrane
533 3055 704 3152 sequenti
726 3055 868 3152 papalis
890 3055 1076 3128 exercitus
1096 3068 1235 3128 terram

139 3157 250 3228 intrat
268 3155 396 3230 Sancti
416 3157 608 3248 Germani,
638 3179 745 3226 rocca
766 3157 842 3227 lani
872 3181 913 3228 se
934 3157 1035 3252 prius
1055 3159 1238 3228 reddente

138 3258 283 3353 legato3
312 3255 370 3328 cui
395 3256 569 3329 homines
590 3256 717 3330 Sancti
737 3256 912 3328 Germani
933 3259 1056 3328 iurant
1075 3261 1119 3328 ad
1140 3281 1235 3353 opus

140 3381 258 3454 pape7
285 3357 372 3428 lieet
397 3356 511 3428 inviti.
564 3357 646 3442 Quo
673 3355 796 3426 audito
825 3366 861 3426 et
887 3357 1054 3450 cognito,
1081 3357 1236 3427 tremuit

139 3456 261 3528 omnis
280 3465 394 3548 terra,
414 3479 487 3552 que
503 3479 545 3526 se
560 3479 633 3525 non
650 3465 796 3552 poterat
811 3459 855 3526 ab
871 3455 980 3525 hoste
996 3455 1101 3526 tueri.
1130 3456 1235 3526 Tunc

139 3555 323 3650 magister
337 3555 555 3626 iustitiarius
570 3556 663 3628 liber
678 3555 856 3627 dimissus
872 3565 942 3646 est,
959 3565 995 3625 et
1011 3579 1052 3627 se
1068 3557 1234 3653 Capuam

141 3654 304 3726 contulit.
343 3655 549 3728 Adenulfus
569 3656 681 3727 etiam
702 3659 747 3727 de
766 3655 910 3752 Aquino
930 3657 1154 3727 Acerrarum
1174 3680 1234 3728 co-

140 3754 239 3828 mitis
266 3751 378 3850 fitius,
405 3777 551 3827 necnon
582 3767 617 3828 et
643 3757 798 3829 lacobus
818 3756 1017 3830 Senebaldi
1044 3756 1235 3854 predictus

139 3855 332 3929 redierunt
350 3855 386 3925 in
407 3879 486 3927 sua.

212 3957 302 4028 Post
320 3955 400 4028 dies
420 3978 509 4026 vero
530 3956 661 4026 decem
683 3979 725 4028 se
745 3980 902 4030 movens
922 3959 967 4028 de
987 3956 1125 4030 Sancto
1142 3955 1232 4029 Ger-

138 4081 249 4129 mano
270 4056 470 4150 exercitus⁷
489 4055 586 4126 facta
603 4057 873 4152 compositione
888 4079 973 4128 cum
988 4057 1032 4129 iis
1049 4056 1109 4154 qui
1126 4067 1231 4130 erant

136 4156 173 4226 in
199 4157 335 4254 palatio
363 4155 528 4251 miniani,
555 4155 758 4228 lllinianum
783 4157 978 4255 recipiunt,
1007 4160 1104 4256 quod
1123 4158 1232 4231 here·

137 4255 242 4329 dibus
271 4261 457 4354 quondam
486 4257 654 4353 lllalgerii
675 4258 808 4331 Sorelli
834 4258 1054 4392 restitupnt5
1083 4269 1120 4332 et
1148 4283 1233 4358 pros
