3352 5026
618 429 659 499 A.
692 429 796 502 1229.
1210 431 1256 498 77

163 631 374 703 Traiectum
401 631 553 700 tenebat
573 638 611 699 et
628 627 799 724 Sugium,
828 653 870 700 ea
891 628 1016 724 legato
1036 629 1192 701 reddidit
1211 633 1255 701 ad

162 757 257 829 opus
279 730 451 803 ecclesie.

239 831 370 902 Gaiete
390 829 520 901 civitas
540 827 667 901 multis
687 828 836 900 inducta
856 827 1095 908 suasionibus
1119 839 1156 900 et
1176 854 1257 926 pro·
1344 835 1348 847 '

163 931 291 1002 missis
317 931 353 1000 in
380 939 523 1027 partem
546 929 642 1001 cedit
661 928 836 1023 ecclesie,
864 939 903 1000 et
920 928 1132 1021 castellum,
1160 933 1256 1025 quod

163 1053 273 1102 cesar
290 1030 326 1101 in
346 1054 391 1102 ea
410 1029 489 1102 lieri
511 1031 653 1102 lecerat
668 1029 794 1102 multis
809 1028 996 1102 laboribus
1011 1039 1051 1101 et
1065 1030 1258 1126 expensiS,

162 1131 329 1224 diruitur,
357 1141 394 1202 et
419 1131 541 1203 omnis
566 1131 648 1204 eius
675 1141 860 1203 structura
887 1131 923 1202 in
943 1154 1048 1202 mare
1068 1131 1255 1228 proicitur.

162 1230 322 1317 Quidam
337 1241 466 1304 tamen
481 1230 764 1324 Gaietanorum,
784 1231 819 1302 in
839 1229 912 1302 lide
931 1231 1074 1303 cesaris
1089 1231 1257 1325 radicati,
1273 1247 1275 1252 ’

160 1333 207 1402 de
225 1330 375 1402 civitate
394 1331 533 1404 relictis
553 1331 712 1428 propriis
731 1331 910 1402 abierunt.
944 1331 1049 1402 Tunc
1067 1331 1255 1428 Roggerio

160 1433 207 1503 de
225 1431 357 1527 Aquila
378 1431 502 1502 comiti
522 1431 679 1529 Sugium
700 1431 906 1502 restituitur
922 1440 961 1501 et
980 1431 1009 1502 T
1012 1431 1205 1506 reiectum.

235 1532 309 1604 lllis
337 1531 467 1604 diebus
493 1533 682 1628 predictus
701 1531 923 1604 Guilielmus
947 1532 992 1601 de
1009 1531 1104 1604 Sora
1125 1555 1145 1602 a
1165 1555 1255 1627 quo·

159 1635 246 1703 dam
266 1631 431 1727 Taffuro,
452 1631 532 1705 eive
550 1635 679 1729 Capue
699 1632 903 1726 castellano
923 1655 1033 1703 rocce
1053 1631 1254 1727 Guilielmi,

160 1731 305 1829 capitur
324 1743 361 1803 et
377 1733 548 1804 custodie
566 1733 723 1804 traditur
742 1732 931 1804 carcerali.
1314 1753 1317 1759 ·

233 1832 511 1928 beneventani,
553 1833 615 1931 qui
650 1834 818 1904 Romane
860 1831 1021 1904 ecclesie
1061 1834 1252 1926 suberant,

159 1933 284 2003 audito
313 1936 409 2030 quod
438 1934 562 2030 papali
592 1933 769 2005 exercitui
798 1933 852 2005 sic
880 1955 1062 2030 prospere
1089 1936 1253 2025 cederet,

158 2031 193 2102 in
208 2033 382 2130 Apuliam
397 2033 667 2128 discurrentes,
684 2037 840 2131 predam
856 2037 967 2104 boum
983 2043 1021 2104 et
1035 2033 1251 2104 animalium

157 2133 314 2204 aliorum
343 2157 523 2229 magnam
550 2143 741 2230 ceperunt.
794 2133 1042 2219 Quibuscum
1063 2133 1251 2229 predictus

158 2257 288 2304 comes
316 2234 395 2304 Rao
420 2237 466 2304 de
494 2233 659 2306 balbano
686 2233 723 2302 in
750 2231 870 2304 reditu
897 2256 939 2305 se
957 2242 1178 2329 opponeret,
1205 2237 1251 2304 ab

157 2333 213 2404 eis
232 2333 399 2404 devictus
420 2343 479 2404 est
497 2343 535 2404 et
551 2333 720 2428 fugatus:
740 2343 940 2429 propterea
955 2333 1138 2428 magister
1151 2333 1253 2404 iustin

157 2432 302 2527 tiarius,
329 2433 496 2506 collectis
522 2433 685 2528 undique
705 2432 843 2506 viribus
864 2443 902 2506 et
919 2433 991 2506 hiis
1011 2433 1071 2529 qui
1091 2432 1252 2529 impera·

156 2533 248 2606 toris
267 2532 382 2605 fidem
402 2537 616 2629 servabant,
642 2538 688 2606 ab
710 2558 755 2606 ea
774 2545 880 2631 parte
899 2558 971 2631 que
991 2533 1124 2606 dicitur
1141 2534 1251 2607 Porta

157 2658 307 2706 summa
325 2633 486 2706 divastat
503 2636 541 2705 in
560 2635 804 2707 exterioribus
822 2636 1094 2706 Beneventum.

229 2735 379 2806 Fratres
402 2734 567 2808 Minores
593 2735 728 2831 ubique
754 2757 822 2831 per
845 2758 1005 2830 regnum
1030 2734 1137 2806 iussu
1156 2734 1250 2826 Ray-

156 2833 254 2907 naldi
273 2834 540 2932 ducisSpoleti
559 2835 796 2932 expelluntur
813 2837 859 2908 de
878 2857 1010 2932 regno,
1037 2857 1123 2906 cum
1150 2833 1248 2906 dice-

155 2945 258 3007 retur
289 2939 384 3032 quod
418 2935 489 3033 ipsi
521 2940 565 3009 ad
597 2937 762 3034 prelatos
794 2935 987 3007 civitatum
1019 2933 1276 3033 apostolicas

68 3123 72 3130 ι
153 3035 306 3108 tulerint
324 3037 481 3132 litteras,
506 3047 545 3108 ut
564 3036 737 3110 homines
757 3036 989 3130 inducerent,
1008 3039 1105 3133 quod
1125 3059 1167 3108 se
1186 3037 1248 3107 de-

154 3141 287 3210 berent
304 3140 461 3210 reddere
479 3138 629 3210 domino
644 3163 751 3236 pape.
784 3138 888 3210 Tune
903 3147 941 3208 et
955 3137 1129 3210 monaehi
1144 3135 1247 3209 Casi-

153 3262 293 3311 nenses
313 3240 359 3310 de
378 3239 456 3312 suis
476 3239 697 3311 obedientiis
717 3239 835 3335 captis
855 3237 1028 3310 omnibus
1046 3262 1119 3334 que
1135 3238 1248 3309 habe·

153 3342 254 3432 bant,
269 3339 506 3434 expelluntur
519 3339 602 3436 ipso
613 3342 708 3410 duee
719 3341 933 3432 mandante,
949 3347 986 3408 et
996 3348 1120 3409 metus
1131 3361 1246 3408 causa

152 3438 258 3508 multi
278 3461 324 3508 ex
342 3438 434 3534 ipsis
453 3449 601 3509 mutare
621 3436 786 3510 habitum
807 3447 895 3509 sunt
913 3435 1043 3508 coacti.

228 3537 375 3632 Papalis
402 3538 589 3609 exercitus
618 3537 773 3610 consilio
798 3537 886 3608 inito
914 3559 1049 3609 versus
1076 3537 1244 3634 Capuam

153 3635 265 3730 vadit,
293 3646 330 3707 et
354 3660 375 3707 a
394 3647 500 3734 parte
518 3639 688 3734 Anglene
706 3637 954 3736 pertriduum
972 3660 1119 3709 moram
1139 3637 1244 3731 fecit,

153 3735 351 3808 eratenim
372 3737 503 3809 civitas
523 3741 651 3836 Capue
669 3738 758 3811 viris
778 3737 920 3811 munita
940 3749 978 3814 et
996 3739 1147 3834 viribuS,
1170 3763 1243 3834 que

151 3833 262 3908 fidem
283 3836 501 3933 imperatori
518 3839 665 3934 integre
685 3842 943 3912 conservabat.
975 3840 1063 3911 Post
1080 3839 1241 3912 triduum

152 3961 240 4008 vero
259 3935 345 4009 inde
365 3962 407 4010 se
427 3961 584 4011 movens
603 3940 748 4036 papalis
769 3939 968 4036 exereitus,
986 3963 1120 4011 versus
1136 3941 1242 4034 Ayla-
1349 3943 1352 3949 ’

150 4062 240 4110 num
268 4037 392 4136 dirigit
416 4051 539 4112 castra
569 4063 657 4134 sua,
691 4043 787 4136 quod
821 4040 1017 4112 castellum
1051 4041 1239 4136 predictus

149 4140 373 4212 Acerrarum
392 4164 521 4214 comes
540 4144 712 4226 tenebat3
740 4149 797 4212 set
816 4139 1004 4236 quierant
1022 4139 1135 4236 intus,
1153 4166 1239 4214 cum

149 4261 192 4310 se
210 4263 325 4336 posse
345 4241 547 4314 defendere
563 4245 822 4339 desperarent,
841 4251 978 4338 nepote
993 4240 1111 4338 ipsius
1127 4243 1239 4314 comi·
