3352 5026
446 409 518 481 126
644 405 932 479 ntccaknus
956 407 1020 478 ut
1045 406 1083 478 S.
1109 405 1341 479 Gentiano

443 607 626 679 infestare
643 605 744 703 cepit
761 629 828 677 eos
847 605 911 702 qni
928 605 967 676 in
981 605 1109 678 odium
1122 605 1362 703 imperatoris
1376 604 1539 676 ecclesie

443 707 691 801 adheserant5
726 715 881 804 propter
911 708 1009 802 quod
1036 709 1083 778 ad
1110 729 1210 803 pape
1237 706 1540 802 verbnm,·qnia

444 818 610 880 castrum
637 807 777 880 Sancte
801 806 920 878 Marie
944 808 991 878 de
1016 806 1176 901 0liveto,
1203 808 1303 903 quod
1325 806 1539 902 Roggerius

444 911 491 982 de
509 907 676 982 Gallncio
693 910 847 980 tenebat
870 907 989 1002 quiin
1007 917 1155 1004 partem
1174 907 1337 980 ecclesie
1356 917 1540 1000 cesserat,

444 1009 529 1107 ipse
552 1008 754 1081 Gualterns
784 1017 950 1104 ceperat,
976 1007 1059 1104 ipso
1081 1008 1312 1105 imperatore
1335 1010 1540 1079 mandante

403 1175 404 1178 ,
444 1133 515 1207 per
539 1108 763 1205 magistrum
788 1107 1028 1179 institiarium
1053 1119 1185 1206 capula
1212 1119 1273 1181 est
1303 1119 1341 1180 et
1371 1108 1541 1180 custodie

444 1209 620 1303 traditus3
653 1232 768 1306 quern
797 1219 927 1280 tamen
958 1211 1003 1280 ad
1034 1232 1171 1306 preces
1203 1210 1365 1282 Odorisii
1394 1209 1541 1282 abbatis
1669 1271 1670 1310 3

446 1309 575 1384 Sancti
592 1307 778 1381 Vincentii
803 1309 985 1382 liberavit
1019 1309 1231 1406 lmperator
1246 1311 1283 1381 in
1303 1335 1465 1406 reguum
1483 1333 1541 1380 re·

447 1411 568 1504 diens,
596 1409 737 1482 casalia
756 1412 919 1506 quedam
936 1409 1070 1506 Apulie
1089 1411 1308 1509 depopulari
1334 1411 1453 1482 iubet:
1481 1434 1541 1482 ca·
1669 1419 1670 1454 ³

447 1512 528 1584 sale
556 1509 794 1585 Castellionis
823 1513 869 1582 ad
894 1510 1104 1583 Casinense
1128 1511 1401 1584 monasterium
1429 1511 1542 1608 perti·

447 1635 544 1684 nens
563 1610 679 1707 recipi
697 1614 865 1706 mandat,
893 1621 932 1682 et
948 1611 1147 1683 inhabitari
1166 1615 1213 1684 ad
1232 1637 1327 1710 opus
1347 1637 1469 1684 suurn.

522 1711 654 1783 Mense
672 1711 907 1808 Septembris
927 1711 1092 1783 studium
1111 1715 1210 1809 quod
1228 1713 1265 1784 in
1283 1713 1453 1810 Neapoly
1475 1735 1544 1810 per

446 1811 716 1908 imperatorem
735 1821 918 1883 statutum
931 1812 1067 1908 fuerat,
1086 1817 1184 1909 quod
1198 1813 1318 1886 extitit
1329 1813 1543 1885 turbatione
1669 1805 1670 1832 *

446 1912 545 1983 inter
569 1910 770 1983 ecclesiam
790 1921 829 1983 et
846 1911 1047 2009 imperium
1066 1923 1196 1985 secuta
1215 1915 1365 2012 penitus
1384 1914 1543 1986 dissolu·

445 2023 540 2106 tum,
567 2035 636 2109 per
653 2012 920 2109 imperatorem
938 2012 977 2083 in
994 2013 1163 2110 Neapoly
1180 2015 1418 2086 reformatur.

523 2112 683 2184 Romani
719 2113 845 2184 statim
880 2123 967 2226 post
1000 2113 1215 2187 discessum
1247 2115 1486 2213 imperatoris
1521 2139 1542 2186 a
1669 2201 1670 2216 χ

447 2213 721 2326 Raspanpano‚
753 2237 838 2285 cum
867 2213 947 2286 suis
973 2215 1115 2288 viribus
1142 2217 1437 2314 Raspanpanum
1464 2240 1543 2287 mu·

448 2313 555 2385 niunt
573 2314 686 2385 victui
705 2314 947 2409 necessariis,
972 2325 1011 2386 et
1026 2319 1277 2412 procedentes
1295 2317 1402 2412 inde,
1429 2340 1544 2414 super

449 2413 653 2488 Viterbium
679 2417 820 2487 vadunt
844 2414 970 2486 minus
997 2417 1152 2530 provide
1180 2418 1393 2515 equitantes
1424 2441 1544 2514 usque
1669 2505 1670 2510 ἵ

450 2517 495 2586 ad
515 2526 643 2611 portas
659 2514 838 2610 civitatis5
856 2517 1145 2630 propterquod
1136 2542 1240 2616 ipsos
1255 2519 1293 2590 in
1307 2519 1426 2592 reditu
1441 2518 1544 2616 peni·

449 2616 520 2686 tuit
540 2615 743 2712 equitasse.
787 2617 881 2689 Nam
907 2616 1108 2731 intercepti
1133 2643 1156 2690 a
1180 2619 1396 2692 Teutonicis
1424 2619 1547 2691 militi·

450 2718 520 2788 bus
548 2726 585 2788 et
612 2715 826 2789 hominibus
854 2716 1013 2790 civitatis
1037 2719 1169 2816 ipsius,
1196 2721 1303 2792 multi
1328 2745 1374 2793 ex
1396 2720 1489 2818 ipsis
1508 2719 1546 2790 in

451 2840 517 2888 ore
542 2816 676 2930 gladii
683 2817 915 2912 ceciderunt,
952 2828 990 2890 et
1021 2819 1164 2891 multi
1154 2845 1192 2891 rn
1219 2821 1432 2920 captionem
1458 2830 1547 2892 sunt

452 2918 571 3014 ducti
606 2917 699 3015 ipsis
730 2872 972 2990 nihilomiirus
1001 2929 1154 2994 strenue
1185 2945 1228 2993 se
1260 2921 1548 2996 defendentibus

453 3027 582 3088 contra
608 3018 692 3090 illos
721 3029 759 3089 et
785 3019 986 3092 nonnullos
1005 3023 1051 3092 de
1070 3021 1311 3094 nobilioribus
1331 3021 1549 3093 Teutonicis

451 3117 743 3212 trucidantibuS,
770 3143 855 3190 cum
885 3143 952 3192 eos
977 3121 1119 3192 nollent
1137 3144 1334 3192 reservare
1353 3125 1399 3192 ad
1417 3121 1550 3194 vitam.
1669 3117 1670 3120 '

528 3219 609 3290 Hoc
640 3242 760 3316 anno,
797 3223 894 3318 quod
922 3220 1106 3292 Henrieus
1134 3244 1200 3291 rex
1228 3231 1358 3294 contra
1384 3221 1550 3320 impera-

453 3327 576 3390 torem
602 3329 749 3416 patrem
774 3345 885 3394 suum
911 3321 1134 3394 seditionem
1153 3321 1190 3392 in
1209 3322 1430 3398 Alamannia
1448 3323 1550 3396 fece-

453 3417 513 3515 rit,
540 3420 641 3493 fama
660 3420 737 3493 fuit.

941 3565 1125 3666 1235

530 3699 662 3774 Mense
688 3701 850 3773 Ianuarii
873 3701 1079 3799 imperator
1105 3707 1326 3801 generalem
1353 3707 1553 3780 collectam

455 3798 522 3870 toti
541 3823 662 3914 regno
679 3800 850 3898 imponit
878 3814 915 3875 et
932 3813 1023 3876 tuno
1041 3804 1197 3877 collecte
1216 3807 1367 3879 fuerunt
1385 3811 1431 3880 de
1449 3817 1553 3880 terra
1669 3859 1670 3888 t

457 3901 677 3975 monasterii
695 3901 806 3975 uncie
824 3906 899 3978 400
922 3928 989 4019 pro
1014 3906 1276 3980 adoamento⁵³
1300 3931 1369 4006 per
1392 3908 1554 4005 Stepha-
1669 3973 1670 3998 ἶ

456 4027 547 4076 num
573 4005 619 4076 de
644 4002 817 4116 Anglone
843 4004 1080 4079 iustitiarium
1109 4018 1209 4080 terre
1234 4009 1401 4104 Laboris,
1428 4018 1466 4080 et
1483 4033 1554 4106 pro

458 4113 587 4174 mutuo
607 4104 716 4178 uncie
736 4106 820 4180 200

458 4237 508 4312 53)
533 4239 691 4299 servitium
716 4240 858 4301 militare.
