3326 5022
543 421 585 492 Α.
615 419 721 492 1214.
752 417 858 490 1215.
1198 418 1245 488 37

152 623 259 696 habet
286 643 486 712 accessum,
523 621 591 691 nisi
618 641 710 690 unus
739 623 877 690 tantum
908 639 1024 688 senen.
1075 619 1118 689 la
1147 619 1248 690 cuius

153 747 295 795 camere
325 723 417 792 ustio
448 743 586 814 semper
621 721 775 790 esistunt
808 711 943 790 uernati
977 719 1247 812 quinquaqinta.

156 822 492 919 Quinquaqenan‘us
526 827 579 892 est
608 819 845 913 Sepheclinus,
877 823 1003 911 potens
1033 818 1180 890 multum
1211 819 1248 889 ia

154 927 268 996 araris
293 930 328 993 et
349 928 461 1017 qeate,
489 921 653 1017 eloquens
672 918 775 992 valete
793 921 828 990 iu
847 917 969 1012 linqua
987 942 1068 1014 suu,
1094 921 1153 1014 qui
1166 941 1248 1012 pre·

155 1025 247 1096 cellit
270 1022 374 1094 hoelie
397 1025 601 1116 omnesqui
626 1023 746 1092 vivunt
768 1042 938 1113 paqaaus
961 1025 1106 1114 eccepto
1133 1019 1248 1090 Maci-

154 1132 251 1196 mutc
270 1126 305 1195 in
324 1146 427 1195 auro.
479 1123 557 1194 lam
583 1123 674 1194 euim
693 1121 838 1192 munivit
856 1126 969 1191 totam
987 1127 1122 1192 terrum
1141 1143 1248 1192 suum

155 1233 190 1296 et
200 1225 365 1315 filiarum,
385 1230 419 1294 ct
432 1225 606 1295 exercitus
619 1221 1003 1316 conpreqatlatinitas3
1021 1223 1123 1292 setin
1137 1222 1248 1292 amni·

155 1327 221 1397 bus
245 1327 320 1418 ipsc
344 1347 423 1394 cum
448 1323 528 1411 filiis
551 1325 587 1394 in
604 1323 801 1416 predictum
820 1321 963 1393 modum
983 1345 1063 1392 cum
1080 1321 1248 1392 liumaaa

156 1426 304 1497 ecclesia
324 1424 396 1495 vult
414 1446 626 1517 componere
642 1445 780 1515 pacem.

233 1525 320 1598 Octo
344 1523 407 1594 ulii
430 1525 492 1611 tilii
518 1522 707 1616 Septiedint
732 1521 775 1592 dc
797 1523 916 1614 patris
934 1523 1181 1594 constitutione
1199 1521 1250 1591 sic

155 1629 284 1696 uiuunt.
338 1625 418 1696 Dua
446 1647 489 1694 en
513 1626 598 1717 ipsis
624 1621 826 1694 custodiunt
842 1621 1064 1715 sepulchrum
1085 1621 1229 1692 Domini
1235 1647 1249 1710 ,·

156 1725 208 1796 ad
232 1748 320 1820 quos
346 1725 512 1819 quicquid
539 1724 649 1795 aretur
667 1724 838 1818 pervenit,
856 1729 898 1794 et
916 1722 1077 1793 dividunt
1093 1725 1185 1798 inter
1201 1745 1249 1792 se.

158 1827 321 1914 Ouatucr
340 1825 402 1896 alii
419 1825 549 1896 habeat
566 1823 726 1895 redditus
746 1822 788 1894 de
808 1821 935 1916 Calyce
951 1825 1070 1915 duvia,
1093 1824 1153 1917 qui
1170 1823 1250 1892 irri-

155 1933 223 2021 qat
237 1932 352 1997 tatum
371 1932 506 1997 terram
521 1925 670 2020 quptt5
689 1930 722 1995 et
735 1925 811 1994 istis
825 1930 981 2023 quatuor
995 1923 1118 1995 melius
1132 1923 1251 1994 ualeat

155 2029 213 2098 isti
231 2027 390 2098 redditus
408 2026 451 2098 cle
470 2028 591 2121 uipintt
608 2024 759 2095 millibus
777 2027 1035 2096 sarracenatis.
1086 2023 1168 2095 Dua
1189 2023 1252 2092 alii

121 2123 124 2128 ’
155 2129 291 2212 fratres
308 2129 463 2198 arinates
480 2133 563 2198 sunt
580 2125 707 2201 cotidie
724 2126 759 2194 in
774 2131 962 2216 conspectu
976 2124 1043 2196 Dei
1055 2127 1111 2196 sui
1124 2123 1250 2218 Muqa-

156 2233 229 2298 mct
246 2251 317 2320 pro
342 2229 507 2298 castitate
531 2249 638 2320 quam
657 2225 799 2316 hadent,
826 2229 1000 2317 ettotam,
1026 2223 1123 2318 quod
1140 2223 1251 2294 datur

158 2326 209 2399 ad
232 2325 340 2419 pedes
365 2328 451 2415 elus,
479 2332 532 2397 est
548 2326 591 2397 de
609 2327 693 2418 ipsis
712 2325 909 2396 minoribus
925 2323 1109 2410 fratribus.
1162 2324 1249 2417 Heu,

156 2427 380 2500 sanctissime
396 2431 512 2520 puter,
530 2428 582 2497 ita
600 2449 676 2498 csse
693 2427 729 2496 in
747 2427 895 2496 ueritate
912 2427 1045 2496 sciatis.

95 2551 101 2570 ‘-
163 2545 165 2548 ·
232 2527 333 2598 Hoc·
351 2549 449 2597 anno
465 2525 675 2622 Roggerius
695 2527 741 2597 de
755 2524 885 2621 Aquila
900 2525 1100 2598 Fundanus
1121 2547 1249 2596 comes

158 2626 258 2722 cepit
286 2637 450 2699 castrum
478 2627 630 2722 Matuta,
658 2636 696 2698 et
719 2625 808 2698 illud
834 2626 941 2700 bonis
967 2625 1140 2698 omnibus
1166 2649 1250 2720 spo·

157 2727 271 2802 tiavit.

640 2898 764 2990 1215.

231 3091 470 3164 Innocentius
486 3116 583 3189 papa
597 3089 736 3166 Urbem
752 3091 881 3166 exiens
897 3089 1247 3164 venithrentinum

157 3197 193 3266 in
213 3193 473 3291 Campaniam
500 3195 545 3264 ad
573 3218 685 3291 quem
711 3194 923 3290 Roggerius
943 3196 988 3264 de
1006 3193 1137 3290 Aquila
1157 3193 1249 3264 Fun-

157 3297 276 3368 danus
292 3319 420 3366 comes
436 3297 636 3390 accedens,
655 3294 735 3391 regi
749 3295 944 3367 Fredcrico
960 3292 1146 3365 fidelitatis
1167 3316 1249 3390 pre-

158 3394 248 3467 stitit
267 3397 530 3466 iuramentum.

233 3496 335 3567 Idem
355 3520 451 3592 papa
470 3518 604 3568 mense
626 3495 782 3592 Augusti
802 3495 1078 3592 inquisitionem
1103 3496 1147 3564 de
1169 3514 1250 3588 per-

159 3615 252 3664 sona
267 3594 410 3665 abbatis
426 3595 643 3668 Casineasis
657 3596 827 3670 Adenulfi
846 3597 979 3694 prefati
998 3594 1078 3667 fieri
1099 3595 1251 3665 niandat

158 3716 226 3790 per
251 3693 456 3787 Nycolaum
483 3697 744 3792 cappellaaum
769 3723 893 3789 suum
921 3696 982 3796 qui
1010 3696 1046 3767 in
1074 3693 1250 3768 Tuscula-

157 3817 246 3864 num
274 3805 332 3866 est
357 3805 595 3893 assumptus,
630 3807 667 3868 et
693 3823 760 3895 per
786 3800 1008 3894 magistrum
1035 3796 1248 3869 Raincrium

157 3906 246 3967 tuuc
275 3895 481 3992 notarium,
516 3897 575 3994 qui
603 3898 639 3967 in
669 3900 895 3972 cardinalem
925 3909 1056 3997 postea
1084 3908 1142 3970 cst
1167 3920 1269 3993 pro-¹

157 4007 293 4070 motus.
346 3996 417 4084 Qui
436 4001 481 4070 de
501 4008 600 4071 statu
620 4001 838 4072 manasterii
863 4012 900 4072 ct
918 4003 963 4074 dc
985 4023 1145 4098 persona
1165 3995 1250 4070 dicti

158 4197 182 4265 a)
203 4191 265 4250 Hoc
282 4229 315 4238 -
332 4197 456 4268 spoliavit
472 4203 566 4268 pastea
584 4201 686 4256 addidit
704 4217 798 4256 manus
815 4200 934 4269 sortasse
949 4203 1049 4268 eadem,
1068 4203 1125 4256 laco
1142 4205 1186 4272 qut
1198 4215 1252 4270 pa-

158 4273 209 4323 tius
228 4271 265 4324 ud
281 4287 378 4326 annum
399 4271 470 4324 1215
487 4277 609 4340 pertinet.
