3352 5026
418 375 465 442 74
621 365 904 438 RYCCARDUS
933 365 993 436 llll
1021 365 1056 437 S.
1086 364 1318 437 condano

420 592 522 640 mum
552 567 786 639 diversorum
816 564 969 638 consilia
997 565 1032 634 in
1061 565 1275 660 diversum,
1311 567 1424 638 vellet
1453 571 1520 642 ob-

419 681 539 762 stare
567 691 614 738 ne
634 691 702 763 pcr
721 666 902 736 montium
924 665 1045 737 aditus
1065 666 1158 737 liber
1178 676 1324 778 pateret
1342 667 1517 742 hostibus

419 772 462 840 ad
491 769 668 840 Sanctum
696 768 925 838 Germanum
954 790 1155 861 accessus
1190 766 1282 862 ipsis
1316 791 1383 879 per
1414 767 1518 840 vires

418 869 611 967 oppositas
637 867 822 940 obsistere
851 866 1044 964 pr'cvidit
1036 891 1071 937 m
1100 876 1248 962 monte,
1285 868 1437 940 mittens
1469 872 1517 940 ad

419 971 674 1042 observandos
701 967 883 1038 montium
908 966 1089 1038 transitus
1117 968 1299 1064 quosdam
1330 970 1374 1039 de
1405 979 1517 1040 nocte

419 1069 556 1142 milites
577 1079 614 1140 et
631 1068 797 1140 balistas.
832 1067 901 1154 Qui
922 1069 1172 1138 ascendentes
1192 1067 1280 1139 host
1265 1077 1324 1139 tes
1344 1092 1411 1165 pro
1432 1068 1518 1140 viri-

420 1177 488 1244 bus
508 1169 751 1266 repellenteS,
779 1167 946 1240 bellurn
937 1168 1030 1238 mire
1051 1191 1134 1240 curn
1156 1167 1210 1238 eis
1232 1192 1297 1264 pro
1317 1166 1390 1240 fide
1410 1193 1516 1241 cesa-

420 1271 470 1343 ris
499 1269 652 1340 minime
680 1269 894 1340 timuerunt.
944 1269 1112 1364 Cumque
1139 1267 1174 1338 in
1195 1267 1278 1339 loco
1298 1269 1357 1341 ubi
1378 1279 1437 1340 est
1456 1293 1517 1342 ec·

420 1371 534 1442 clesia
555 1369 673 1445 sancti
693 1369 847 1440 Matthei
868 1392 1063 1440 servorum
1083 1367 1150 1439 Dei
1177 1367 1371 1441 conflictus
1393 1367 1517 1465 lieret,

418 1494 546 1543 rumor
564 1473 609 1542 ad
629 1469 753 1566 ipsum
772 1469 1023 1562 justitiarium,
1046 1471 1142 1565 quod
1163 1468 1218 1540 sui
1239 1493 1323 1540 cum
1343 1470 1516 1542 hostibus

419 1571 639 1644 dimicarent
666 1573 711 1642 ad
739 1569 918 1642 Sanctum
948 1569 1178 1640 Germanum
1206 1570 1389 1666 pervenit.
1443 1570 1515 1657 Qui

420 1696 508 1744 mox
526 1671 613 1742 licet
631 1670 841 1742 inconsulte
861 1679 1027 1740 montem
1049 1668 1215 1763 subiens,
1244 1693 1315 1740 nec
1338 1681 1516 1742 metuens

420 1771 551 1844 mortis
578 1793 770 1866 occasum,
798 1769 961 1842 hostium
990 1769 1026 1839 in
1053 1768 1175 1840 medio
1202 1793 1244 1840 se
1272 1769 1407 1842 obiecit
1429 1795 1514 1842 cum

419 1871 518 1966 suis3
546 1895 657 1968 quern
685 1881 838 1942 secutus
866 1869 1071 1942 Adenulfus
1091 1869 1187 1941 filius
1207 1870 1433 1942 Acerrarum
1455 1895 1513 1942 co-

418 1971 520 2044 mitis
544 1981 776 2043 memoratus
803 1981 841 2042 et
866 1969 1031 2042 nonnulli
1052 1969 1190 2041 milites
1210 1981 1247 2041 et
1265 1971 1424 2066 pedites
1452 1971 1515 2068 qui

419 2071 514 2144 mori
542 2095 608 2169 pro
636 2070 708 2142 fide
736 2071 880 2144 cesaris
900 2095 974 2142 non
1003 2071 1196 2166 timebant
1223 2071 1387 2144 hostiurn
1415 2072 1514 2143 ictus

418 2171 603 2270 repellere
623 2171 701 2244 suis
717 2171 849 2245 ictibus
865 2175 1050 2244 conabant
1036 2180 1105 2242 tur.
1139 2125 1202 2242 Sel
1219 2195 1302 2242 curn
1319 2172 1421 2244 locus
1437 2195 1514 2242 non

419 2283 523 2346 esset
548 2276 717 2366 ydoneus
746 2275 790 2344 ad
819 2275 1083 2369 pugnandum
1121 2281 1157 2342 et
1185 2255 1283 2342 vianr
1310 2272 1411 2344 illam
1441 2297 1514 2368 qua

419 2374 492 2446 itur
518 2376 562 2444 ad
590 2372 769 2444 Sanctam
797 2372 953 2443 Mariam
979 2374 1025 2443 de
1051 2324 1251 2469 rllbaneto⁷
1279 2372 1455 2468 fugatis
1446 2397 1515 2444 rm-

419 2473 621 2570 perialibus
641 2475 687 2544 de
706 2472 878 2568 supernis
900 2471 1072 2568 papalis
1062 2495 1137 2542 ram
1158 2472 1258 2545 acies
1275 2483 1515 2570 occupasset,

420 2598 504 2644 cum
531 2597 575 2644 ex
603 2575 764 2645 adverso
791 2571 1080 2644 ascendentibus
1105 2571 1186 2668 ipse
1205 2573 1424 2646 iustitiartus
1453 2574 1517 2646 ob·

419 2685 519 2748 stare
540 2697 613 2745 non
630 2683 773 2770 posset,
793 2676 1031 2746 retrocedere
1048 2697 1121 2743 non
1138 2672 1220 2745 sine
1236 2698 1391 2745 suorum
1408 2675 1516 2746 clade

421 2785 573 2847 coactus
603 2785 682 2869 est5
710 2784 748 2846 et
772 2784 861 2846 tunc
880 2799 964 2845 curn
985 2773 1067 2870 ipso
1086 2773 1269 2845 Adcnulfo
1288 2775 1514 2847 Acerrarurn

421 2873 566 2946 comitis
586 2873 660 2946 lilio
676 2875 712 2944 in
728 2874 879 2945 brachio
897 2875 1089 2944 vulnerato
1106 2883 1204 2944 etex
1219 2873 1297 2946 suis
1313 2878 1516 2948 admodum

295 2971 296 2974 ’
420 2974 550 3072 paucis
570 2974 606 3044 in
627 2974 724 3044 vallo
740 2973 959 3048 Casinensis
979 2973 1198 3046 monasterii
1219 2997 1261 3046 se
1280 2975 1436 3073 recepit,
1454 2974 1517 3046 ubi

420 3097 489 3172 per
519 3073 642 3170 ipsum
674 3073 911 3146 iustitiarium
943 3073 1098 3146 lacobus
1137 3073 1348 3149 Sinibaldus
1386 3085 1516 3147 custos

419 3175 543 3245 fuerat
569 3173 779 3269 institutus3
807 3175 971 3272 reliquos
1000 3198 1132 3246 versus
1160 3175 1339 3248 Sanctum
1360 3176 1517 3248 Germa·

421 3297 510 3346 num
540 3276 585 3345 ad
613 3274 741 3370 fugam
771 3275 990 3371 cogentibus
1017 3275 1078 3372 qui
1104 3275 1313 3348 habuerant
1331 3277 1376 3348 de
1395 3278 1515 3348 blarte

419 3373 661 3472 triumphum.
700 3374 804 3463 Quos
824 3377 926 3447 cives
947 3375 1074 3448 Sancti
1093 3375 1269 3446 Germani
1290 3376 1351 3472 qui
1372 3375 1516 3448 cesaris

420 3473 532 3548 fidem
562 3480 763 3548 servabant
791 3475 1016 3548 unanimiter
1041 3485 1294 3573 receptantem,
1323 3500 1407 3548 cum
1435 3476 1515 3549 suis

420 3575 593 3648 omnibus
614 3576 740 3648 salvos
759 3577 943 3670 fecerunt,
962 3585 998 3648 et
1017 3599 1061 3647 ea
1081 3575 1152 3672 dic,
1172 3600 1400 3674 quamquam
1416 3577 1516 3650 diros

421 3686 460 3748 et
484 3679 597 3748 duros
623 3686 842 3774 paterentur
866 3676 1026 3748 insultus
1052 3680 1097 3749 ab
1123 3676 1314 3772 hostibus,
1341 3677 1390 3749 ita
1418 3680 1516 3774 quod

422 3800 536 3849 enses
565 3777 692 3873 ignem
726 3787 763 3849 et
793 3776 912 3848 iacula
945 3800 1019 3848 non
1052 3777 1246 3873 timerent,
1279 3777 1446 3850 'turribus
1479 3787 1517 3850 et

420 3877 594 3949 menibus
621 3875 860 3972 insistentes⁷
888 3877 1051 3950 bostium
1079 3876 1218 3950 viribus
1248 3901 1322 3950 non
1350 3902 1516 3952 cessere.

420 3977 483 4050 Sic
511 4001 602 4074 ergo
630 3977 687 4050 die
707 3977 803 4076 ipsa,
830 3987 1058 4050 novercante
1078 3977 1238 4072 fortuna,
1266 3980 1312 4050 de
1339 3977 1516 4076 imperia·

419 4076 516 4152 libus
545 4088 697 4175 optenta
731 4078 904 4175 victoria,
938 4079 1140 4152 Pandulfus
1172 4078 1378 4175 apostolice
1412 4078 1516 4152 sedis

419 4179 568 4273 legatus
595 4183 640 4250 ab
669 4203 710 4249 ea
742 4189 845 4275 parte
879 4203 950 4276 que
983 4177 1114 4250 dicitur
1145 4179 1253 4250 Porta
1288 4190 1395 4252 vetus
1429 4204 1516 4252 curn
