3326 5022
503 419 544 490 A.
575 418 833 492 liet—1199.
1175 419 1218 488 19

129 646 171 693 se
193 646 264 693 uon
283 644 396 718 posse
418 619 667 716 conspiceret
695 619 778 690 dolo
807 616 984 714 cogitavit
1002 641 1137 714 capere
1157 621 1219 688 ob·

122 723 296 814 sidentes
321 725 523 814 obsessus,
552 730 589 791 et
613 730 767 792 vocatos
794 743 860 790 eos
887 719 945 790 die
974 721 1134 815 quadam
1163 741 1220 788 se-

130 825 260 895 motim
290 826 335 894 ab
363 821 458 917 aliie,
486 845 571 893 curn
591 821 646 893 eis
665 819 778 893 fidem
798 820 964 892 dedisset
982 823 1079 916 quod
1099 819 1220 890 redire

129 925 243 996 vellet
263 925 309 996 ad
327 921 575 1020 imperatricis
595 925 826 1016 mandatum,
853 931 983 1019 captos
1003 919 1221 1018 capitaneos

131 1025 242 1121 cepit,
271 1047 413 1121 eosque
438 1026 483 1095 de
508 1023 681 1120 personis
700 1021 845 1120 punivit
864 1033 902 1094 ut
921 1021 1044 1094 voluit.

206 1313 427 1411 imperatrix
463 1313 545 1410 ipsa
576 1321 787 1409 processu'
819 1311 1000 1407 temporis
1032 1311 1068 1382 in
1100 1309 1225 1386 Sicilia

115 1413 238 1509 obiit,
274 1438 346 1510 que
371 1412 487 1486 filium
517 1413 668 1486 unicum
695 1412 933 1484 Fredericum
960 1422 998 1483 et
1024 1411 1130 1507 regni
1149 1409 1225 1482 bal-

132 1514 222 1589 lium
244 1513 458 1588 lnuocentio
480 1538 575 1611 pape
596 1538 642 1586 ex
659 1523 886 1586 testamento
907 1512 1064 1610 reliquit.
1097 1511 1240 1585 Dictus

133 1638 223 1686 vero
238 1615 474 1689 blarcualdus
494 1613 644 1710 cognito
663 1617 707 1688 de
725 1623 843 1688 morte
858 1613 1121 1711 imperatricis,
1141 1636 1226 1684 oon·

133 1725 290 1812 gregato
317 1714 565 1812 malignorum
593 1713 758 1789 exercitu
782 1739 876 1812 quos
897 1738 1009 1812 prece
1029 1714 1089 1786 vel
1108 1711 1227 1811 pretio

135 1819 376 1913 conduxerat⁷
403 1841 563 1916 regnum
589 1840 662 1888 uon
692 1815 773 1888 siue
800 1816 947 1888 illorum
973 1815 1034 1912 qui
1054 1823 1162 1888 erant
1180 1816 1226 1890 de

135 1941 254 2014 regno
270 1918 406 1992 auxilio
421 1929 458 1992 et
473 1921 608 1990 ducatu
627 1917 784 1990 intravit.
818 1917 863 1990 Et
881 1917 1038 1990 veniens
1057 1915 1094 1990 in
1115 1914 1228 1988 comi·

134 2029 251 2092 tatum
272 2017 419 2113 molisii,
445 2018 482 2092 iu
506 2043 579 2116 quo
599 2017 684 2090 fidei
704 2041 773 2090 sue
792 2017 947 2115 reliquie
968 2021 1228 2109 servabantur,

136 2121 180 2190 ad
207 2119 346 2192 dictum
374 2119 623 2195 Casinensem
652 2121 825 2192 abbatem
857 2143 924 2215 pro
955 2143 1049 2216 pace
1080 2119 1233 2217 legatos!

137 2219 249 2314 misit,
277 2244 345 2317 per
371 2244 464 2316 quos
491 2219 603 2292 etiam
631 2219 770 2316 ipsum,
797 2229 837 2290 ut
865 2219 933 2292 sibi
959 2218 1065 2314 regui
1091 2220 1231 2290 iuraret

136 2319 301 2414 ballium,
329 2323 426 2416 quod
453 2320 520 2394 sibi
546 2320 751 2416 imperator
769 2319 971 2416 reliquerat
990 2329 1030 2392 ut
1048 2319 1229 2412 dicebar,

136 2419 346 2518 requisivit3
376 2421 461 2518 quia
481 2444 569 2492 vero
590 2445 611 2492 a
630 2420 795 2518 predicto
816 2423 949 2496 abbate
968 2421 1041 2494 hoc
1060 2419 1229 2518 optinere

137 2546 211 2596 non
231 2521 350 2618 potuit
377 2563 421 2574 -
451 2546 537 2596 nam
558 2521 678 2618 primo
697 2521 804 2618 regni
823 2522 942 2620 ipsius
961 2522 1112 2596 ballium
1132 2520 1229 2594 dicto

137 2621 354 2698 innocentio
383 2646 479 2720 pape
505 2623 711 2716 iuraverat,
738 2622 798 2718 qui
827 2634 956 2696 contra
982 2623 1107 2720 ipsum
1135 2623 1230 2696 lllar·
1305 2710 1306 2714 Ἰ

139 2723 310 2796 cualdum
330 2725 376 2796 ad
395 2723 470 2796 iarn
490 2723 629 2796 dictum
648 2726 821 2797 abbatem
837 2728 930 2796 duos
945 2723 1101 2796 miserat
1116 2721 1232 2796 cardi·

137 2824 244 2896 nales
265 2848 348 2896 cum
364 2824 520 2898 exfortio
535 2823 693 2898 militum
709 2823 986 2922 Campanorum
1003 2835 1040 2897 et
1053 2821 1231 2896 auxilium

137 2935 237 2998 terre
253 2949 335 3022 sue,
355 2928 592 3023 eundemque
608 2926 861 3000 Marcualdum
881 2923 1234 3000 excommunicatio,-

138 3025 196 3100 nis
221 3026 369 3100 vinculo
395 3026 641 3100 innodaverat
668 3037 705 3098 et
730 3051 915 3124 sequaces
942 3027 1040 3106 illius
1061 3068 1124 3120 -,
1149 3025 1232 3123 ipse

139 3127 197 3199 sui
223 3128 360 3200 furoris
384 3127 599 3226 impatienS‚
627 3127 726 3225 cepit
752 3153 857 3202 more
877 3127 1080 3209 Teutonico
1104 3127 1140 3200 in
1160 3137 1233 3208 ter·

139 3250 220 3300 ram
238 3229 457 3302 monasterii
477 3228 661 3302 desevire.

626 3382 751 3472 1199.

216 3517 347 3591 Mense
366 3520 536 3592 ianuario
555 3519 617 3592 hic
635 3544 704 3617 per
721 3520 924 3594 Venafrum
943 3519 1100 3592 veniens
1120 3518 1325 3594 male-11⁹8,

143 3616 263 3693 dictus
291 3642 375 3690 cum
402 3621 609 3694 maledictis
636 3632 776 3694 terram
804 3620 925 3694 sancti
951 3621 1149 3718 ingressus
1176 3629 1235 3692 est

143 3717 352 3811 Benedicti3
373 3729 409 3790 et
428 3721 548 3816 primo
569 3733 732 3794 castrum
753 3721 879 3796 Sancti
894 3722 992 3796 Petri
1010 3721 1047 3794 in
1066 3720 1154 3814 fine,
1173 3722 1235 3792 de·

144 3829 287 3892 sertum
315 3823 360 3891 ab
385 3819 517 3892 incolis
538 3845 650 3894 causa
674 3825 795 3897 metus
815 3823 915 3896 nullo
935 3825 1108 3896 obstante
1127 3843 1236 3894 occu·

144 3945 259 4018 pens,
296 3918 384 4016 igne
417 3921 615 4016 cremavi15
654 3933 818 3996 castrum
852 3923 980 3997 Sancti
1010 3922 1169 3996 Victoris
1201 3921 1235 3992 vi

144 4022 311 4119 capiens,
339 4023 445 4095 bouis
465 4021 625 4121 propriis
645 4023 836 4121 spoliavit3
866 4036 901 4098 et
925 4047 1083 4100 movens
1104 4023 1236 4106 exinde

145 4193 168 4279 al
189 4212 213 4263 p.
233 4205 252 4247 t.
270 4199 299 4280 'in
321 4195 412 4248 Sicilia
433 4215 458 4251 o.
479 4213 504 4264 q.
526 4198 544 4248 l.
566 4215 591 4248 u.
612 4205 638 4249 et
658 4215 679 4250 r.
699 4202 844 4251 utrumenlo
864 4199 964 4250 recenti
981 4197 1055 4251 illato.
1120 4199 1146 4266 b]
1166 4215 1183 4250 u
1210 4199 1235 4248 d.

144 4283 170 4321 m
189 4285 315 4338 moryanc.
