3326 5022
429 421 481 493 58
632 412 915 490 RYCCARDUS
941 412 1003 486 Dll
1030 413 1066 486 S.
1094 411 1324 485 GERMANO

503 618 710 713 Imperator
725 617 822 712 apud
837 613 987 687 Troiam
1001 612 1168 684 natalem
1180 611 1330 684 Domini
1348 612 1526 689 celebrat.

504 715 740 792 Coloniensis
767 713 1073 810 archiepiscopus
1095 712 1131 788 in
1151 712 1374 784 Alamannia
1393 737 1413 784 a
1434 737 1527 810 quo-

430 822 515 891 dam
535 815 819 911 consanguineo
839 838 908 892 suo
928 812 1147 886 interfectus
1168 823 1236 884 est.

504 919 713 1015 lmperator
737 939 802 1013 pro
823 915 920 987 facto
941 913 1170 1010 prelatorum
1189 935 1284 1010 quos
1306 937 1402 1010 papa
1422 937 1527 986 erea-

427 1028 546 1112 verat⁷
574 1040 665 1089 suos
684 1019 729 1086 ad
750 1039 836 1086 eum
856 1013 1006 1086 nuntios
1025 1012 1145 1084 mittit.

503 1119 582 1190 Hoc
604 1141 702 1188 anno
724 1139 789 1187 rex
803 1113 1025 1186 Alamannia
1043 1113 1227 1186 Henrieus
1247 1111 1345 1186 lilius
1365 1113 1527 1211 impera·

428 1219 518 1291 toris
537 1215 653 1288 liliam
672 1217 777 1288 ducis
795 1214 945 1287 Austrie
963 1213 1066 1286 duxit
1084 1237 1250 1288 uxorem.

503 1317 688 1390 Honorius
709 1341 806 1414 papa
824 1340 892 1413 pm
913 1316 1010 1388 lacto
1031 1313 1154 1386 crucis
1170 1313 1526 1412 predicatoresmit-

427 1420 482 1515 tit,
502 1417 593 1490 etin
613 1415 873 1497 Alamanniam
894 1414 1017 1510 dirigit
1035 1415 1281 1488 Portuensem
1303 1415 1524 1512 episcopum

429 1543 513 1590 cum
524 1517 656 1590 litteris
667 1517 760 1612 suis⁷
776 1515 972 1614 quaeipsis
985 1515 1278 1612 predicatoribus
1290 1515 1400 1588 simili
1412 1517 1524 1588 modu

430 1617 609 1691 concedit.
858 1679 861 1684 A

503 1719 583 1790 Huc
609 1741 707 1790 anno
730 1740 796 1788 rex
810 1713 963 1788 Francie
983 1717 1147 1788 monitus
1166 1739 1234 1812 per
1253 1718 1432 1790 domuum
1452 1716 1524 1788 Ro-

428 1841 583 1890 manum
611 1817 817 1914 apostolice
844 1815 945 1889 sedis
971 1816 1158 1912 legatum,
1194 1827 1323 1888 eontra
1346 1817 1524 1914 Albigen·

429 1943 493 1990 ses
520 1942 604 1990 cum
630 1918 782 2016 copioso
801 1917 1028 1990 Francorum
1048 1915 1269 1991 exercituin
1289 1917 1523 1992 Provinciam

428 2017 529 2092 vadit
540 2029 564 2092 ⁸.

503 2119 629 2213 Reges
649 2118 815 2216 Hyspani
835 2127 974 2190 terram
992 2115 1320 2190 llliramammolini
1338 2118 1485 2190 intrant.

502 2219 689 2292 Honorius
708 2243 805 2318 papa
824 2217 1095 2315 indulgentiam
1115 2217 1356 2314 saracenisci7
1381 2240 1452 2314 que
1471 2241 1524 2291 ex

427 2319 708 2416 longiturnitate
723 2318 905 2416 temporis
921 2317 1013 2392 satis
1028 2318 1247 2412 inoleverat,
1261 2327 1439 2416 tanquam
1453 2318 1523 2394 fal-

428 2444 510 2492 sam
531 2419 707 2516 cassavit
726 2430 764 2492 et
779 2419 922 2493 irritam
941 2443 1010 2516 per
1028 2442 1117 2492 suas
1131 2417 1275 2492 litteras
1290 2419 1524 2494 denuntiavit

428 2520 569 2617 pariter
594 2531 633 2594 et
655 2520 821 2614 inanem,
847 2544 914 2618 pro
935 2543 980 2592 eo
999 2522 1096 2615 quod
1116 2517 1242 2592 clerici
1259 2519 1329 2592 loci
1350 2521 1521 2595 eiusdem

428 2623 566 2694 dabant
594 2620 859 2694 accedentibus
887 2622 932 2692 ad
960 2619 1081 2718 ipsam
1106 2619 1306 2694 ecclesiam
1330 2620 1523 2694 remissio·

429 2744 521 2794 nem
549 2721 717 2794 omnium
749 2731 1011 2819 peccaturum,
1046 2719 1228 2794 facientes
1265 2722 1319 2796 eis
1350 2721 1523 2818 intelligi,

428 2823 525 2916 quod
553 2821 603 2893 ita
630 2824 674 2894 de
700 2821 866 2919 peccatis
886 2821 1059 2894 omnibus
1078 2820 1269 2896 emundati
1287 2823 1522 2916 recederent,

429 2921 525 2994 sicut
550 2921 692 3022 pertica
722 2923 883 3019 quedam
908 2945 1021 3018 quam
1041 2924 1290 2996 ostendebant
1308 2921 1363 2996 eis
1381 2921 1522 2996 cortice

429 3023 681 3094 emundatam.

914 3172 1038 3262 1226.

503 3327 634 3400 Mense
653 3328 823 3402 hnuario
842 3328 1029 3402 Honorius
1048 3353 1144 3429 papa
1164 3331 1372 3426 quendamt
1397 3328 1521 3402 Olive-

428 3427 524 3498 rium
551 3428 703 3502 natione
724 3485 830 3504 ......
858 3433 925 3501 ad⁰
951 3429 1152 3502 ecclesiam
1179 3429 1299 3502 sancti
1317 3428 1522 3502 Vincentii⁰

428 3539 691 3628 assumptum⁸
714 3532 910 3603 'electum‘
942 3531 988 3602 ad
1019 3529 1285 3627 imperatorem
1318 3531 1355 3604 in
1385 3529 1520 3627 Apulia

402 3671 403 3674 =
427 3627 550 3700 mittit.

501 3729 713 3827 lmperetor.
731 3729 814 3827 ipse
840 3727 1039 3807 barunibus
1067 3739 1106 3802 et
1122 3729 1299 3804 militibus
1316 3729 1519 3805 infeodatis

429 3830 565 3903 ceteris
585 3833 750 3926 mandat,
776 3840 816 3901 ut
834 3852 967 3902 omnes
988 3854 1030 3902 se
1057 3843 1257 3928 preparent
1281 3834 1327 3904 ad
1354 3833 1519 3906 eundum

428 3953 558 4002 secum
577 3930 614 4000 in
633 3929 908 4025 Lombardiam‚
928 3940 966 4002 et
984 3939 1024 4002 ut
1042 3955 1175 4004 omnes
1196 3935 1294 4029 apud
1314 3931 1520 4025 Piscaram,

426 4099 450 4169 a)
468 4101 571 4170 reliqua
589 4105 653 4156 aaut
667 4103 780 4170 plurem
799 4107 946 4156 atramento
965 4103 1078 4156 obducta
1096 4107 1165 4156 aaut.
1223 4105 1251 4172 b)
1270 4107 1308 4159 ite
1326 4089 1379 4174 leui
1397 4104 1523 4168 canticam

426 4173 569 4310 {pptmtpucrue
587 4179 673 4228 vocat
772 4175 796 4245 c)
814 4176 880 4229 toec
899 4177 969 4243 opud
990 4175 1131 4242 optatum
1150 4181 1251 4245 extant,
1269 4179 1323 4231 tom
1338 4191 1392 4230 non
1410 4175 1524 4244 anetae
