3326 5022
451 419 495 488 rs
648 357 930 488 arecnnuus
957 413 1019 486 nu
1046 412 1083 488 s.
1111 413 1340 488 cannino

446 615 675 688 castellanus
702 625 783 688 erat
809 613 921 687 castri
948 613 1138 708 Iohannis,
1165 610 1361 686 rebellavit
1380 615 1545 712 impera-

445 718 534 812 tori5
570 719 616 788 ad
649 739 761 812 quam
794 715 1038 788 obsidendam
1067 738 1151 786 cum
1181 715 1264 812 ipsc
1292 716 1546 813 personaliter

446 819 643 890 accederet
669 815 892 913 imperator,
921 815 1212 913 superveniente
1241 817 1450 914 egritudine
1478 821 1543 890 ab·

355 918 529 990 1197.inde
549 917 719 990 infirmus
739 916 950 1010 discedens,
970 917 1067 988 sicut
1084 916 1244 988 Domino
1264 917 1415 1014 placuit,
1440 918 1541 992 diem

359 1007 580 1090 Soet-clausit
611 1027 832 1090 extremum.
880 1017 925 1088 Et
956 1027 1043 1089 tunc
1074 1017 1175 1089 fama
1207 1017 1440 1090 discurrente
1471 1044 1543 1116 per
1578 1022 1597 1062 ¹

368 1080 415 1136 ²⁸⁸
445 1143 619 1216 regnum7
646 1117 765 1191 dictus
791 1119 896 1192 Oddo
921 1118 1038 1190 frater
1054 1117 1237 1215 Dyopuldi
1264 1117 1410 1192 comitis
1430 1131 1538 1216 rupta

445 1219 637 1294 obsidione
656 1243 765 1291 rocce
785 1219 892 1293 Sicce
911 1217 1082 1314 discedit,
1102 1229 1138 1290 et
1157 1243 1200 1291 se
1219 1219 1375 1292 contulit
1393 1223 1438 1293 ad
1459 1245 1539 1293 roc-

444 1345 527 1394 cam
546 1319 662 1392 Arois,
1507 1343 1512 1354 ’

520 1418 741 1518 lmperatrix
767 1417 942 1492 Panormi
970 1441 1172 1492 remanens
1200 1419 1236 1492 in
1263 1431 1371 1493 veste
1389 1419 1537 1517 lugubri

303 1552 308 1559 ·
442 1525 489 1596 de
515 1546 609 1594 nece
636 1521 875 1618 imperatoris
899 1519 968 1591 viri
995 1520 1067 1616 sui,
1093 1520 1275 1618 regnique
1295 1521 1377 1618 paci
1403 1545 1536 1595 consu-

440 1623 524 1695 lens
558 1633 596 1695 et
629 1621 761 1718 quieti⁷
801 1620 1055 1693 Marcualdnm
1093 1621 1240 1720 imperii
1271 1623 1535 1694 senescalcum

441 1747 526 1795 cum
554 1721 768 1795 Teutonicis
794 1721 967 1794 omnibus
995 1725 1040 1794 de
1059 1745 1177 1818 regno
1197 1722 1369 1818 exclusit,
1395 1723 1536 1821 ipsum-

441 1849 514 1922 que
529 1848 576 1896 ne
591 1825 725 1896 amodo
741 1846 900 1920 regnum
916 1823 1058 1918 ingredi
1078 1827 1220 1920 absque
1239 1848 1308 1896 suo
1327 1824 1431 1897 iussu
1452 1849 1535 1922 pre·

440 1935 621 2020 sumeret,
650 1947 747 1996 neve
774 1934 990 1996 remaneret
1015 1923 1052 1994 in
1079 1947 1212 2021 regum
1238 1925 1448 1998 iuramento
1474 1949 1534 1998 co-

441 2027 529 2122 egit.
577 2025 648 2113 Qui
673 2049 759 2097 cum
784 2024 902 2122 ipsius
922 2023 1170 2122 imperatricis
1188 2025 1322 2098 litteris
1341 2035 1379 2098 et
1397 2028 1532 2098 ducatu

441 2129 485 2198 ad
521 2126 740 2199 comitatum
773 2125 906 2198 Molisii
943 2125 1120 2220 veniens,
1156 2126 1215 2222 qui
1248 2137 1336 2198 tunc
1368 2127 1532 2200 Marchia

439 2232 643 2300 vocabatur
671 2239 709 2299 et
736 2227 804 2300 sibi
831 2226 1001 2321 favebat⁷
1029 2250 1113 2298 curn
1141 2226 1244 2298 illum
1261 2227 1341 2300 -sibi
1362 2229 1558 2300 llluscen-·

440 2329 602 2402 cervello
625 2339 772 2400 mortuo
798 2326 1030 2400 concesserit
1056 2327 1272 2424 imperator,
1299 2332 1368 2401 sub
1397 2353 1531 2402 securo

439 2428 680 2501 cardinalium
707 2431 891 2500 conductu
919 2437 956 2500 et
974 2427 1176 2500 securitate
1195 2453 1309 2526 supra
1328 2429 1413 2502 dicti
1433 2431 1530 2503 Petri

438 2530 567 2604 Celani
587 2529 748 2623 comitis,
767 2529 825 2600 oui
845 2538 1045 2626 propterea
1061 2532 1273 2623 Vayranum
1294 2530 1453 2626 tradidit,
1472 2554 1529 2602 re·

436 2631 532 2703 lictis
547 2633 583 2702 iu
598 2631 681 2729 ipso
697 2625 830 2703 lllolisii
850 2631 1027 2702 comitatu
1047 2629 1263 2704 castellanis
1284 2632 1363 2704 suis
1379 2642 1416 2704 et
1429 2632 1530 2704 baiu-

434 2732 495 2828 lis⁷
514 2735 558 2804 ad
576 2735 729 2804 Ancoue
749 2731 956 2804 marchiam
975 2755 1044 2804 suo
1063 2754 1130 2829 pro
1147 2741 1251 2828 parte
1266 2732 1428 2804 dominio
1444 2737 1529 2806 sub-

435 2835 550 2906 ditam
570 2857 613 2906 se
633 2833 799 2928 contulit,
818 2832 878 2904 ubi
894 2855 979 2904 cum
995 2832 1073 2905 suis
1089 2833 1314 2928 sequacibus
1329 2832 1529 2906 innumera

436 2935 533 3006 mala
553 2932 751 3006 commisit.

346 3053 423 3112 nos.
510 3034 723 3108 Celestinus
748 3057 845 3130 papa
871 3031 971 3127 obiit,
1000 3043 1036 3104 et
1054 3032 1253 3106 botharius
1272 3032 1468 3106 cardinalis
1486 3033 1527 3106 in

333 3127 425 3186 ¹³¹¹·8·
436 3159 576 3232 papam
594 3133 854 3207 Innocentium
873 3132 1095 3207 substitutus
1120 3143 1179 3206 est
1197 3135 1257 3206 illi.
1307 3134 1525 3232 lmperatrix

435 3234 551 3307 lilium
578 3259 689 3308 suum
716 3235 752 3306 iu
778 3234 944 3307 Marcbia
968 3237 1067 3332 apud
1095 3236 1235 3329 llesym
1261 3235 1451 3308 civitatem
1470 3260 1526 3307 re-

432 3336 580 3431 lictum,
608 3340 677 3410 sub
705 3337 842 3408 ducatu
866 3336 952 3409 dicti
980 3335 1108 3410 Celaui
1135 3336 1282 3408 comitis
1310 3347 1348 3408 et
1372 3337 1526 3409 Berardi

430 3437 579 3510 Laureti
611 3437 759 3511 comitis
791 3448 829 3510 et
859 3436 1069 3535 Cupersani
1100 3439 1145 3510 ad
1178 3461 1220 3510 se
1249 3436 1332 3510 duci
1358 3435 1459 3510 iubet
1485 3437 1523 3509 in

430 3562 603 3636 reguumq
627 3541 728 3612 etde
746 3537 877 3636 Apulia
896 3539 933 3610 in
953 3537 1116 3611 Siciliam
1136 3547 1384 3610 transmeare.
1419 3539 1524 3611 'lunc
1644 3559 1645 3562 ’

430 3639 580 3737 quidam
607 3639 644 3711 iu
669 3639 838 3715 Calabria
865 3637 1093 3712 Teutonicus
1125 3639 1276 3710 nomine
1302 3639 1522 3712 Fredericus

428 3764 515 3812 cum
542 3739 658 3814 nollet
682 3739 910 3838 imperatrici
933 3739 1075 3835 favere⁷
1102 3763 1144 3812 se
1169 3741 1205 3811 in
1226 3739 1375 3812 lllalveti
1395 3751 1522 3813 castro

428 3841 637 3939 recipiens,
669 3844 767 3938 quod
789 3841 886 3912 furto
914 3841 1118 3914 sustulerat
1142 3840 1290 3914 cuidam
1316 3842 1446 3914 Mauro
1473 3843 1520 3913 de
1643 3843 1645 3902 l

427 3943 519 4014 lllira
540 3941 676 4016 ibidem
696 3941 901 4015 castellano
922 3951 1060 4014 statuto
1083 3965 1150 4039 pro
1171 3943 1400 4015 monasterio
1419 3940 1522 4017 Casi-
1643 3949 1644 3960 ’

428 4043 551 4139 ηοηεί,
577 4043 684 4116 iussu
703 4043 951 4141 imperatricis
969 4042 1087 4140 ipsius
1115 4067 1136 4114 a
1161 4041 1298 4115 comite
1324 4044 1524 4142 Amphuso

428 4146 474 4217 de
493 4143 598 4217 Rotis
616 4144 828 4241 ceterisque
847 4143 1015 4218 calabrie
1035 4142 1217 4215 nobilibus
1238 4141 1275 4214 in
1294 4143 1378 4242 ipso
1396 4154 1521 4218 castro

428 4248 609 4316 obsessus
637 4255 695 4317 est
720 4255 757 4316 et
784 4253 959 4316 arctatus.
1012 4243 1083 4330 Qui
1110 4244 1199 4316 dum
1224 4243 1332 4318 aliter
1359 4247 1521 4318 evadere
1642 4265 1643 4268 ’
