3352 5026
551 386 591 458 A.
624 388 729 462 1234.
761 387 865 462 1235.
1183 391 1252 468 127

232 587 364 660 Mense
394 585 583 660 Februarii
614 585 874 683 inquisitiones
906 585 997 658 liunt
1031 610 1099 682 per
1133 597 1252 660 totum

158 711 318 784 regnum
337 690 384 760 de
402 685 617 760 hominibus
636 685 812 781 demanii,
831 709 926 783 quos
945 686 981 758 in
995 685 1088 758 locis
1104 689 1252 762 statutis

157 789 337 861 transfert
354 786 559 884 imperator
577 811 662 860 cum
682 786 832 860 familiis
852 786 949 880 suis3
978 795 1130 884 propter
1154 793 1251 885 quod

157 891 205 960 de
224 888 362 960 Sancto
378 887 568 960 Germano
588 898 625 961 et
643 891 689 962 de
707 897 785 961 tota
803 897 903 960 terra
922 887 1143 960 monasterii
1161 913 1251 960 non-

158 987 247 1060 nulli
280 987 341 1086 qui
373 988 513 1060 inventi
543 998 631 1060 sunt
659 990 705 1061 de
733 987 907 1062 demanio
940 987 1128 1086 extitisse,
1161 1000 1253 1086 aput

158 1089 297 1162 Cumas
316 1089 370 1162 ire
390 1113 476 1161 cum
495 1089 574 1164 suis
593 1088 745 1162 familiis
763 1089 1048 1187 compelluntur.

231 1189 364 1262 Mense
390 1189 511 1262 Martii
539 1189 676 1287 captivi
703 1192 750 1263 de
777 1190 911 1288 Apulia
939 1189 1001 1286 qui
1027 1193 1252 1264 tenebantur

158 1299 249 1387 aput
263 1290 482 1387 Canusium,
502 1313 570 1388 per
587 1289 840 1362 interventum
855 1289 1015 1386 pecunie
1033 1289 1251 1385 liberantur,

157 1400 197 1462 et
215 1414 261 1462 ex
280 1391 335 1464 eis
355 1389 506 1488 quidam
525 1390 637 1487 digna
657 1400 746 1462 sunt
764 1414 861 1487 pena
881 1388 1059 1461 mulctati.

230 1492 361 1564 lllense
378 1491 516 1588 Aprilis
543 1490 749 1588 imperator
774 1500 864 1588 aput
887 1488 1082 1562 Precinam
1107 1490 1326 1602 paschaAor
1333 1499 1358 1552 8.

154 1591 304 1664 Domini
324 1592 501 1687 celebrat
523 1601 560 1666 et
579 1601 857 1688 consequenter
875 1600 961 1688 post
979 1590 1161 1688 pascham
1180 1588 1251 1662 iter

150 1690 322 1790 arripuit,
346 1691 384 1764 in
405 1645 665 1764 Alamanniam
684 1692 936 1789 prolecturus
955 1693 1097 1764 ducens
1117 1714 1248 1762 secum

155 1792 368 1866 Conradum
381 1791 498 1866 lilium
515 1817 636 1866 suum
668 1793 791 1880 Quem
807 1792 990 1889 magister
1003 1794 1138 1864 domus
1153 1791 1247 1864 Teu-

155 1893 365 1966 tonicorum
391 1893 474 1992 ipso
501 1897 704 1967 mandante
731 1892 918 1992 precessit
944 1895 988 1964 ad
1015 1917 1175 2006 papam
1211 1901 1248 1964 et

153 1993 318 2068 Thomas
334 1997 379 2068 de
394 1994 540 2091 Aquino
554 1996 779 2068 Acerrarum
801 2018 929 2066 comes
949 1994 1133 2090 magister
1146 1993 1248 2065 iusti·

151 2093 297 2188 tiarius,
317 2103 355 2166 et
372 2093 557 2166 iustitiarii
576 2093 637 2166 alii
656 2095 701 2164 de
720 2117 853 2190 regno.
881 2116 1028 2164 necnon
1048 2103 1085 2166 et
1104 2095 1247 2190 Capua·

154 2217 224 2265 nus
243 2193 471 2266 Ydrontinus
492 2203 530 2266 et
546 2192 832 2266 Panormitanus
851 2191 1139 2305 archiepiscopi
1161 2217 1246 2264 cum

154 2291 342 2364 nonnullis
362 2295 408 2364 de
427 2316 546 2388 regno
566 2317 686 2391 usque
707 2293 848 2366 lanum
869 2293 988 2366 secuti
1014 2303 1113 2387 sunt
1142 2303 1179 2364 et
1200 2296 1321 2374 denpr.

152 2392 389 2490 imperatoris
408 2393 558 2466 licentia
577 2393 719 2466 suntin
739 2418 897 2491 regnum
918 2393 1072 2467 reversi
1269 2377 1314 2430 ²⁵·

226 2493 389 2568 Turres
379 2518 416 2565 m
428 2493 560 2566 Gaieta
576 2493 743 2593 exceptis
758 2505 918 2594 quatuor
931 2494 1127 2569 diruuntur
1141 2518 1245 2565 man·
1305 2527 1310 2541 ·

151 2597 237 2666 dato
255 2593 505 2692 imperatoris.
536 2595 661 2668 Rocca
678 2595 807 2668 lanule
826 2620 942 2694 super
958 2596 1138 2670 Sanctum
1154 2595 1244 2666 Ger-

151 2719 305 2768 manum
321 2693 499 2768 lirmatur.
531 2696 746 2794 Stephanus
761 2699 807 2768 de
821 2697 993 2792 Anglone
1009 2696 1107 2768 cedit
1120 2693 1243 2768 officio

149 2794 428 2891 iustitiariatuS‚
463 2806 501 2869 et
526 2797 745 2870 Guilielmus
773 2799 819 2869 de
844 2796 982 2869 Sancto
1007 2797 1242 2889 Fraymundo

150 2897 318 2971 succedit
337 2897 470 2970 eidem.
522 2897 733 2996 Imperator
759 2921 843 2970 cum
872 2898 1042 2972 Conrado
1069 2893 1144 2967 lilio
1172 2919 1242 2968 suo

149 3008 188 3070 et
206 3002 252 3072 de
271 3022 389 3096 regno
409 3000 612 3072 admodum
631 2997 761 3097 paucis
776 3022 911 3071 mense
925 2997 1037 3071 Madii
1051 2999 1150 3095 apud
1164 2996 1242 3069 Ari-

148 3099 292 3172 minum
313 3124 417 3172 mare
435 3099 561 3198 intrat
588 3112 626 3172 et
648 3099 685 3172 in
704 3099 940 3213 Aquilegiam
966 3099 1080 3194 vadit,
1108 3097 1241 3171 exinde

147 3199 184 3271 in
212 3201 473 3274 Alamanniam
505 3201 753 3300 prolecturus
800 3200 876 3272 Pax
906 3199 1004 3273 inter
1035 3223 1172 3313 papam
1205 3209 1244 3272 et

147 3299 340 3373 Romanos
366 3302 570 3374 reformata
597 3311 674 3395 est·
711 3299 848 3398 captivi
874 3299 1034 3372 Romani
1061 3300 1123 3397 qui
1151 3309 1243 3398 aput

147 3398 352 3472 Viterbium
378 3405 619 3497 tenebantur,
645 3424 715 3498 per
740 3424 879 3499 papam
903 3399 1049 3474 liberati
1077 3409 1176 3497 sunt,
1204 3409 1241 3471 et

148 3498 459 3596 quitenebantur
483 3524 506 3571 a
529 3501 723 3600 Romanis
749 3500 856 3576 liberi
874 3499 1119 3574 dimittuntur.
1169 3500 1241 3573 Ro·

146 3603 274 3674 bertus
294 3602 340 3674 de
358 3601 481 3674 Busso
500 3626 521 3674 a
541 3601 778 3676 iustitiariatu
796 3601 941 3700 Aprutii
966 3610 1175 3696 amovetur.
1203 3611 1241 3672 et

145 3701 286 3774 Hector
312 3703 592 3776 comestabulus
616 3703 754 3777 Montis
771 3703 799 3776 F
801 3702 921 3776 usculx
941 3701 1162 3777 substitutus
1182 3711 1241 3773 est

144 3801 207 3875 illi.

220 3903 353 3977 Mense
385 3903 479 3977 lunii
510 3903 796 3978 Panormitanus
829 3915 867 3979 et
891 3906 1092 4003 Capuanus
1120 3901 1236 3974 archi-

146 4004 327 4104 episcopi
354 4005 520 4079 Thomas
547 4008 593 4078 de
617 4005 763 4102 Aquino
788 4007 1013 4079 Acerrarum
1039 4027 1168 4075 comes
1202 4014 1235 4074 et

146 4106 330 4180 Henricus
366 4107 412 4181 de
446 4107 568 4179 lllorro
601 4106 784 4203 magister
808 4106 1048 4201 iustitiarius‚
1084 4103 1144 4202 qui
1170 4128 1237 4202 pro

144 4205 372 4305 imperatore
391 4208 428 4282 in
447 4233 566 4306 regno
585 4219 862 4306 remanserant
890 4232 932 4282 se
958 4209 1125 4307 Capuam
1151 4229 1237 4278 con
