3326 5022
447 389 452 396 ⁵
537 445 577 512 Α.
609 443 714 516 1216.
747 442 852 514 1217.
1193 443 1239 514 41

221 642 290 718 Hic
309 644 452 716 honore
472 641 594 714 debito
614 644 659 715 ad
675 639 872 712 Perusium
891 640 1097 714 tumulatus
1115 650 1187 738 est,
1206 651 1244 713 et

148 747 310 822 Cencius
336 752 554 816 sanctorum
575 740 750 813 Iohannis
770 751 807 813 et
826 741 928 812 Pauli
949 744 1146 838 presbyter
1164 766 1243 813 car·
1333 777 1335 782 ·

147 846 294 942 dinalis,
313 844 350 915 in
370 867 507 940 papam
526 842 732 914 Honorium
752 841 973 915 substitutus
995 853 1053 914 est
1070 841 1132 913 illi.
1172 841 1242 929 Qui

147 951 193 1020 de
218 947 311 1018 tanti
339 945 455 1042 patris
481 943 583 1016 obitu
610 953 654 1015 et'
672 967 740 1014 sua
761 943 996 1040 promotione
1016 943 1151 1040 ubique
1170 952 1243 1014 ter-

148 1071 274 1118 rarum
292 1046 436 1136 litteras
456 1044 580 1141 dirigit
593 1043 806 1140 generales,
838 1043 907 1116 Hic
922 1068 1055 1116 mense
1071 1043 1243 1141 Septem·

149 1147 223 1222 bris
239 1150 284 1220 dc
296 1145 448 1220 Perusio
462 1149 507 1218 ad
519 1147 657 1218 Urbem
671 1145 780 1237 redit
793 1145 852 1216 ubi
870 1169 954 1216 cum
969 1145 1086 1216 multo
1099 1147 1243 1218 honore

149 1273 168 1320 a
189 1247 367 1321 Romanis
387 1246 560 1319 omnibus
579 1255 755 1343 receptus
776 1255 844 1318 est.
956 1246 1036 1317 lloc
1055 1270 1153 1317 anno
1172 1246 1243 1316 fer·

148 1349 261 1421 tilitas
283 1372 419 1461 magna
439 1347 516 1418 luit.
607 1347 719 1418 Filius
740 1345 840 1442 regis
858 1345 1013 1417 Francia
1034 1370 1120 1417 cum
1140 1370 1244 1418 exer·
1271 1363 1273 1369 '

149 1451 224 1522 citu
253 1474 321 1522 suo
347 1449 498 1520 intravit
523 1447 717 1542 Angliam,
746 1457 783 1517 et
811 1470 857 1518 ex
883 1469 927 1516 ea
953 1469 1028 1516 non
1057 1447 1242 1519 modicam

147 1561 296 1650 partem
325 1547 500 1647 optinuit5
529 1557 683 1644 propter
710 1550 805 1644 quod
835 1569 903 1643 per
928 1556 1041 1618 totam
1072 1547 1243 1644 Angliam

148 1649 496 1724 excommunicatus
523 1658 600 1744 est,
627 1671 726 1746 papa
751 1650 963 1719 mandante.
1012 1646 1091 1718 Rex
1110 1647 1244 1743 Anglie

148 1752 249 1848 obiit
278 1761 315 1824 et
300 1749 483 1824 fitlius
451 1773 531 1822 erus
553 1759 753 1820 coronatur
770 1749 806 1819 in
827 1771 969 1843 regern.

527 1957 530 1962 ¹
637 1964 761 2055 1217.

224 2145 356 2220 Petrus
374 2146 682 2218 Altisiodorensis
703 2169 831 2218 comes
851 2145 888 2216 in
908 2144 1245 2242 Constantinopoli·
1318 2163 1322 2174 ’

150 2259 281 2322 tanum
304 2248 572 2344 imperatorem
600 2247 761 2338 electus7
789 2247 949 2318 Romam
975 2245 1133 2318 veniens
1160 2271 1245 2318 cum

152 2357 327 2421 consorte
353 2371 421 2419 sua
450 2351 495 2420 ab
522 2345 686 2427 Honorio
711 2371 811 2444 papa
837 2349 934 2444 apud
953 2347 1134 2420 Sanctum
1152 2347 1246 2418 Lau·

151 2447 314 2522 rentium
336 2457 440 2519 extra
459 2471 587 2520 muros
601 2447 709 2520 Urbis
729 2447 764 2518 in
785 2447 1053 2545 imperatorem
1074 2457 1111 2520 et
1128 2448 1246 2546 impe·

35 2589 37 2593 >
80 2632 83 2636 ,
151 2549 327 2622 ratricem
358 2558 593 2626 coronantur.
642 2547 713 2635 Qui
738 2572 897 2645 regnum
923 2548 1119 2644 intranteS,
1148 2559 1246 2622 etse

151 2650 403 2724 Brundusium
424 2649 663 2720 conferentes
688 2673 773 2730 cum
793 2651 953 2720 honesto
974 2649 1123 2721 militari
1143 2673 1247 2722 exer·

152 2753 246 2847 citu,
281 2750 328 2822 ibi
358 2749 549 2822 dominum
577 2750 784 2822 Iohannem
816 2752 862 2822 de
890 2751 1099 2848 Columpna
1131 2749 1248 2822 cardi-

153 2850 317 2924 nalem
308 2876 345 2922 rn
373 2849 734 2948 Constantinopolim
761 2851 929 2964 legatum
956 2861 1154 2922 venturum
1187 2876 1248 2924 ex

151 2962 317 3052 pectant,
337 2975 422 3024 cum
443 2975 513 3049 quo
533 2951 697 3024 infausto
713 2951 804 3024 satis
819 2951 946 3023 omine
963 2951 1112 3048 navigio
1127 2962 1248 3024 trans

152 3055 353 3150 l'retantes⁷
394 3055 437 3124 ad
470 3063 619 3166 portum
652 3051 827 3124 Duraolrii
858 3063 1123 3150 pervenerunt
1176 3053 1247 3140 Qui

152 3179 269 3253 pravo
289 3154 388 3227 ducti
408 3152 576 3246 consilio,
603 3153 840 3251 imperatrice
870 3178 935 3226 eos
955 3177 1024 3251 per
1042 3177 1147 3226 mare
1167 3178 1249 3252 pre·

154 3267 266 3328 eunte
281 3257 326 3326 ad
342 3251 531 3327 civitatem
545 3254 676 3326 Binant
662 3264 777 3348 t7eam
792 3255 965 3327 obsidere
981 3265 1018 3326 et
1029 3270 1247 3352 expugnare
1315 3327 1322 3354 ἱ

153 3355 673 3453 previderuntDturachium·
700 3365 848 3426 etcum
875 3355 964 3426 viris
991 3379 1064 3426 non
1092 3354 1248 3468 prolice-

103 3525 104 3529 ,
153 3467 238 3528 rent
265 3467 328 3527 aut
352 3456 491 3529 viribus
520 3455 618 3552 suis,
653 3458 697 3527 ab
725 3454 918 3527 obsidione
945 3453 1105 3526 civitatis
1129 3455 1248 3552 ipsius

156 3555 319 3650 digressi
345 3556 566 3644 santoni
592 3566 763 3629 errantes
788 3579 857 3654 per
875 3554 981 3627 devia
1002 3550 1040 3627 et
1059 3557 1248 3628 condensa

155 3655 370 3749 sylvarum,
386 3679 406 3726 a
432 3655 562 3728 Grecis
586 3657 783 3754 intercepti
812 3666 912 3751 sunt
940 3659 985 3729 dc
1005 3655 1138 3770 quibus
1158 3680 1249 3728 uon·

154 3755 273 3827 nulli
264 3779 299 3825 m
320 3777 384 3826 ore
399 3755 510 3852 gladii
527 3756 730 3854 perierunt,
703 3711 916 3830 tnonnulli
930 3781 1020 3829 vero
1037 3759 1134 3856 capti
1150 3767 1249 3850 sunt

156 3867 194 3930 et
212 3854 391 3928 carcerali
412 3855 587 3968 squalore
605 3881 680 3928 una
701 3881 785 3930 cum
805 3861 887 3956 ipso
910 3857 1140 3954 imperatore
1164 3882 1250 3930 con-

155 3955 306 4054 sumpti.
338 3956 424 4053 lpse
444 3955 558 4029 etiam
578 3957 774 4030 cardinalis
791 3970 922 4056 captus
939 3982 979 4030 es
983 3967 1049 4030 tet
983 3961 1126 4030 ttde
1111 3969 1249 4032 t.entus
1264 4019 1266 4025 ,

228 4059 308 4130 Hoc
336 4081 434 4130 anno
465 4057 608 4131 navalis
636 4058 831 4132 Frisonum
862 4059 1049 4132 exercitus
1078 4059 1249 4134 Gaietam
1324 4056 1325 4059 '

154 4152 1248 4253 veniensdherosolimamvaditiusubsidiumterresancte.

153 4257 393 4332 lanuensium
410 4285 573 4358 quoque⁷
585 4261 783 4358 Venetum,
803 4257 1022 4336 Pisanorum
1040 4273 1076 4336 et
1090 4263 1248 4336 aliorum
