3352 5026
419 381 489 455 142
617 375 901 452 RYCCARDUS
928 377 989 450 br:
1015 375 1053 450 S.
1081 377 1312 451 GERMANO

415 579 503 652 nelli
522 577 874 675 fiuntsimperatore
891 579 1106 672 mandante,
1126 579 1171 650 ad
1187 578 1383 650 defensam
1399 601 1511 650 rocce

415 625 543 755 lanuie
578 689 615 752 et
645 675 788 770 Casini3
827 687 982 778 propter
1012 680 1109 776 quod
1139 689 1177 750 et
1207 679 1381 752 homines
1408 689 1510 750 terre

416 778 634 854 monasterii
666 782 710 850 ad
742 777 938 850 incidenda
969 777 1173 875 lignamina
1205 778 1298 877 ipsis
1325 779 1509 852 machinis

416 890 637 980 opportuna,
654 891 690 952 et
705 883 820 952 boves
836 882 881 951 ad
898 903 943 950 ea
957 881 1160 952 deferenda
1174 905 1249 951 non
1265 879 1412 952 modice
1424 891 1512 952 sunt

416 983 572 1080 gravati.
609 981 796 1053 Roffridus
816 980 1025 1052 Teanensis
1046 981 1246 1078 episcopus
1265 991 1356 1080 aput
1374 981 1512 1054 Corne-

411 1081 613 1156 tumobiit.

492 1183 624 1254 Mense
651 1179 874 1253 Novembris
903 1181 1108 1278 Gregorius
1142 1206 1239 1280 papa
1270 1185 1316 1254 de
1340 1181 1513 1278 Anagnia

417 1283 512 1356 redit
536 1286 581 1354 ad
609 1283 761 1378 Urbem,
789 1281 849 1354 ubi
873 1304 894 1351 a
915 1281 1094 1354 Romanis
1114 1285 1286 1354 omnibus
1307 1280 1513 1354 honorilice

339 1396 406 1450 Nor.
418 1393 594 1482 receptus
611 1392 678 1454 est.
710 1381 780 1469 Qui
797 1381 832 1452 in
848 1381 991 1454 octavis
1006 1381 1105 1454 beati
1121 1382 1267 1454 bllartini
1284 1383 1512 1455 sententiam

346 1469 389 1524 ¹⁸·
418 1485 532 1556 latam
558 1483 595 1555 in
622 1484 889 1580 imperatorem
912 1481 1121 1580 confirmat,
1149 1494 1186 1555 et
1212 1483 1514 1556 excommunicat

417 1585 622 1661 Henricum
642 1585 851 1656 naturalem
871 1583 987 1656 filium
1008 1584 1089 1656 eius
1118 1595 1156 1656 et
1173 1608 1306 1656 omnes
1327 1609 1514 1682 sequaces

299 1752 300 1756 ,
419 1709 550 1758 eorum
570 1709 637 1782 pro
658 1709 716 1781 eo,
743 1687 840 1782 quod
860 1685 1081 1779 marchiam,
1109 1710 1221 1782 quam
1245 1685 1336 1758 iuris
1356 1709 1443 1758 esse
1463 1685 1514 1756 di-

421 1790 529 1859 cebat
548 1785 723 1879 ecclesie,
752 1785 935 1858 hostiliter
955 1797 1013 1858 est
1031 1787 1240 1882 ingressus.

495 1885 626 1957 Mense
655 1886 874 1958 Decembris
898 1887 1104 1984 imperator
1131 1889 1228 1982 apud
1254 1886 1361 1958 Pisas
1390 1887 1515 1958 natale

419 1985 565 2059 Domini
586 1986 760 2060 celebrat.
793 1985 953 2074 Quidam
974 1987 1089 2060 frater
1102 1987 1240 2081 Helyas
1260 1987 1321 2084 qui
1341 1987 1377 2058 in
1398 1987 1516 2059 eccle-

421 2085 477 2160 sia
496 2087 616 2160 sancti
635 2085 822 2159 Francisci
841 2091 940 2184 apud
957 2087 1144 2160 Ascisium
1169 2087 1351 2183 magister
1376 2085 1515 2162 ordinis

421 2190 577 2260 fratrum
597 2188 782 2260 lldinorum
804 2189 989 2284 extiterat
1017 2212 1084 2286 pro
1104 2213 1163 2284 eo,
1190 2191 1287 2286 quod
1307 2193 1403 2286 apud
1424 2189 1515 2262 Gre-

420 2289 568 2386 gorium
588 2313 724 2386 papam
745 2289 892 2362 delatus
913 2315 933 2362 a
952 2289 1127 2362 fratribus
1147 2291 1244 2386 quod
1263 2289 1363 2361 male
1385 2289 1516 2361 ammi-

423 2391 642 2482 nistrasset7
677 2413 763 2462 eum
788 2389 871 2487 ipse
896 2415 995 2488 papa
1022 2394 1068 2462 ab
1094 2389 1433 2462 amministratione
1460 2414 1517 2462 re·

393 2529 396 2540 ·
424 2491 553 2584 movit,
572 2489 608 2560 in
628 2489 754 2561 odium
774 2515 871 2587 pape
890 2491 1107 2588 imperatori
1127 2491 1284 2562 adhesit.
1314 2491 1456 2587 Vigiles
1471 2493 1517 2563 de

424 2601 534 2662 nocte
553 2613 622 2688 per
636 2591 868 2684 llyccardum
889 2595 934 2664 de
951 2592 1077 2664 Monte
1097 2591 1204 2688 nigro
1223 2590 1461 2664 iustitiarium
1480 2591 1516 2662 in

425 2691 634 2789 principatu
656 2692 783 2792 Capue
803 2693 932 2766 statuti
951 2701 1047 2766 sunt.

912 2926 1035 3016 1240.
1146 2984 1147 2988 κ

501 3097 633 3168 Mense
652 3096 811 3168 lanuarii
831 3122 899 3195 per
917 3099 1125 3195 predictum
1145 3099 1381 3197 capitaneum
1406 3122 1521 3196 gene·

427 3196 516 3271 ralis
533 3196 690 3270 collecta
705 3197 876 3294 exigitur,
895 3199 1123 3296 imperatore
1138 3203 1359 3296 mandante3
1380 3211 1417 3273 et
1432 3211 1522 3272 tunc
1659 3201 1660 3214 ¹

426 3298 641 3371 visitatores
662 3309 872 3370 castrorum
888 3323 957 3397 per
971 3325 1131 3397 regnum
1146 3301 1436 3396 constituuntur,
1455 3324 1522 3398 per

428 3424 524 3498 quos
551 3403 598 3472 de
624 3397 795 3476 fidelibus
823 3401 990 3498 deputati
1015 3413 1103 3475 sunt
1129 3401 1264 3500 aliqui,
1300 3401 1362 3500 qui
1397 3411 1521 3474 castra

428 3499 636 3599 imperialia
663 3499 816 3572 visitent
843 3501 964 3574 semel
989 3501 1026 3574 in
1047 3504 1296 3599 hebdomada,
1324 3513 1457 3576 ettam
1475 3504 1520 3574 de

429 3601 537 3673 factis
558 3601 850 3674 castellanorum
876 3626 989 3699 quam
1015 3606 1061 3676 de
1089 3628 1247 3676 numero
1276 3602 1521 3676 servientium
1659 3673 1660 3676 ,

430 3701 630 3799 diligenter
656 3700 858 3799 inquirant,
885 3701 1057 3776 similiter
1085 3714 1123 3777 et
1146 3709 1192 3778 de
1211 3705 1359 3776 delectu
1380 3727 1522 3776 eorum.
1659 3689 1660 3724 r

505 3803 637 3874 Mense
662 3802 851 3874 Februarii
887 3827 957 3900 per
987 3809 1148 3878 eundem
1183 3805 1422 3904 capitaneum
1455 3826 1524 3901 per
1659 3871 1660 3890 ,

429 3912 549 3975 totum
568 3924 728 4000 regnum
747 3900 790 3976 fit
807 3903 996 4000 inquisitio
1015 3906 1205 4003 generalis
1225 3916 1356 3979 contra
1370 3903 1524 4003 imposi·
1659 3909 1660 3962 ἐ

429 4014 533 4076 tores
553 4013 590 4074 et
609 4004 831 4077 collectores
851 4005 1007 4078 collecte
1023 4007 1227 4104 imperialis
1242 4006 1330 4079 anni
1344 4003 1525 4104 preteriti,

432 4113 471 4172 ut
496 4106 542 4176 de
562 4127 630 4176 sua
650 4104 790 4178 malitia
809 4129 876 4203 pro
898 4107 1040 4180 meritis
1061 4108 1270 4206 puniantur.
1318 4108 1528 4205 Imperator

431 4199 536 4273 venit
559 4203 776 4301 Fulignum,
811 4205 872 4279 ubi
904 4206 1105 4304 magnifice
1134 4233 1154 4282 a
1181 4209 1322 4281 civibus
1348 4217 1527 4306 receptus
