3352 5026
586 401 627 471 A.
658 402 764 474 1232.
878 448 880 456 ν
973 465 975 470 .
1154 399 1225 472 115

206 600 364 676 ldem⁵¹z
397 601 713 673 lustramentarum
739 600 851 672 robur
876 605 908 670 et
932 598 1226 691 sollempnitatem

134 712 315 800 stupentes,
344 709 383 774 nt
408 701 451 774 dc
474 703 632 794 ipsorum
654 699 723 788 brie
749 699 847 772 nulla
875 702 1108 794 inposterum
1129 699 1227 770 dubi·

131 809 220 876 talio
246 807 361 897 possit
387 804 486 895 oriri,
513 803 716 893 statuimus,
742 802 774 872 si
797 803 981 896 quantitas
1008 822 1073 895 quc
1091 801 1126 870 in
1145 822 1227 870 con·

135 910 254 974 tractu
280 902 465 974 deducitur
490 903 592 985 iufra
615 901 744 974 libram
769 903 851 972 auri
868 901 1042 974 subsistat
1058 899 1102 972 cle
1119 899 1229 972 mobi-

131 1003 222 1074 libus
236 1010 269 1074 et
283 1002 519 1074 immobilibus
533 1002 649 1093 rebus,
670 1008 734 1074 aut
746 1001 956 1096 quibuslibet
971 1002 1104 1093 causis,
1123 1002 1159 1074 in
1177 1002 1228 1071 ia-

131 1109 327 1175 strumcnto
360 1101 430 1174 duo
461 1108 565 1174 testes
590 1103 679 1174 bone
707 1109 740 1174 et
763 1103 916 1194 probate
943 1103 1119 1196 opinionis
1146 1100 1227 1174 sub·

134 1204 297 1276 scribant
317 1209 436 1297 preter
460 1203 609 1274 iudicem
639 1209 671 1273 et
698 1205 901 1293 notarium,-
932 1205 971 1273 si
989 1226 1072 1274 acro
1098 1201 1228 1274 librum

134 1305 216 1374 auri
233 1303 393 1394 excedat,
421 1308 493 1375 tres
520 1308 625 1374 testes
652 1302 803 1395 probate
829 1303 912 1388 noes·
932 1308 1053 1395 preter
1076 1300 1226 1376 iudicem

134 1410 169 1474 ct
185 1407 378 1496 nutricium,
406 1409 444 1472 ut
463 1409 516 1474 est
533 1403 675 1494 elicium,
703 1403 737 1472 in
757 1401 880 1474 codem
898 1403 1130 1476 instrumento
1147 1401 1228 1474 sub.

132 1504 311 1592 scribant5
346 1504 406 1597 qui
434 1501 577 1594 debent,
612 1508 649 1572 ut
675 1500 805 1572 dictum
831 1502 900 1594 cst,
936 1525 1012 1574 csse
1042 1503 1140 1574 omni
1169 1524 1229 1572 aaa

134 1603 290 1696 ceptione
317 1605 485 1696 maiores,
514 1608 546 1674 ct
571 1604 717 1676 scientes
736 1601 873 1674 litteras
891 1604 927 1672 in
944 1601 1032 1674 locis
1050 1601 1230 1696 inquibus

121 1705 280 1794 litterati
304 1707 472 1794 poterunt
498 1703 655 1772 inveniri.
704 1699 865 1796 Alioquin
898 1701 961 1773 alii
990 1704 1096 1773 cbnm
1128 1725 1230 1776 ussu-

133 1809 290 1877 mantur.
327 1802 461 1874 Contra
475 1800 674 1896 predictum
689 1807 806 1883 auteur
821 1805 981 1888 latinam
993 1804 1229 1874 instrumento

26 1934 29 1939 ’
134 1905 298 1990 coniecta
316 1903 350 1974 in
364 1909 550 1996 posterum
569 1901 704 1976 nullam
723 1901 881 1975 habeant
896 1905 1111 1993 beatitatem.
1160 1903 1229 1978 llla

134 2005 305 2074 tenaciter
323 2001 561 2093 observando,
588 2009 627 2073 ut
652 2003 688 2072 in
714 2001 833 2096 aliquo
859 2002 1019 2076 locorum
1037 2005 1151 2076 nostri
1169 2003 1228 2074 cle·

136 2104 247 2174 munii
272 2102 391 2174 clerici
413 2103 661 2196 cuiuscumque
685 2099 839 2194 ordinis,
875 2101 1008 2174 iudices
1038 2109 1070 2174 et
1096 2105 1230 2174 notarii

135 2201 337 2274 nullatenus
356 2207 600 2272 assumantur.

209 2301 341 2374 Mense
356 2299 499 2371 Martii
490 2309 695 2397 imperator
708 2323 730 2370 a
744 2299 951 2374 Ravenna
942 2326 979 2372 m
993 2298 1228 2400 Aquilegiam

136 2425 204 2500 per
222 2424 327 2473 mare
345 2401 457 2474 vadit
485 2399 545 2473 ubi
570 2399 686 2474 filium
707 2408 816 2474 suum
835 2401 1039 2474 Henricum
1056 2402 1230 2474 Alaman-

137 2502 197 2575 nie
216 2525 348 2599 regem
367 2511 565 2573 venturum
587 2511 770 2600 expectat.

212 2602 366 2675 Munilia
391 2613 492 2676 terre
519 2602 646 2674 Sancti
673 2601 851 2674 Germani
874 2613 913 2675 ut
932 2603 1039 2676 citius
1058 2602 1136 2698 fiat,
1162 2627 1232 2700 per

138 2701 349 2800 Philippum
381 2707 426 2776 de
456 2702 555 2778 Citra
588 2726 674 2775 cum
705 2701 860 2776 consilio
891 2703 1097 2776 iuratorum
1130 2713 1230 2775 terre

139 2803 309 2876 eiusdem
337 2826 405 2900 per
429 2804 602 2876 homines
628 2815 729 2876 terre
756 2803 975 2876 monasterii
994 2803 1231 2878 distribuitur.

191 2903 474 3018 inquisitiones
495 2907 540 2977 ah
560 2905 856 3004 archiepiscopis
876 2903 969 2978 liunt
987 2908 1032 2979 de
1047 2904 1231 3001 suffraga-

139 3003 220 3076 neis
250 3003 452 3103 episcopis,
481 3029 578 3104 papa
605 3007 886 3120 mandantium
849 3011 957 3081 etab
977 3005 1165 3105 episcopis
1185 3007 1230 3076 (le

140 3105 284 3178 clericis
315 3106 414 3202 suis
442 3106 473 3180 si
500 3118 603 3180 caste
629 3107 757 3180 vivunt
784 3119 821 3180 et
848 3108 1100 3204 continenter,
1129 3116 1232 3180 etat

140 3217 292 3280 cessent
311 3232 466 3304 prorsus
486 3233 507 3280 a
527 3209 715 3281 cohabitat
716 3209 1031 3282 ionemnlierum.

214 3308 356 3380 Domus
384 3309 579 3402 quedam
570 3333 607 3382 ιιι
632 3309 785 3384 Curaria
810 3319 847 3380 et
864 3309 967 3382 Valle
983 3309 1233 3402 redimuntur,

142 3415 181 3477 nt
199 3430 271 3478 non
292 3405 497 3500 diruantur,
519 3418 631 3504 prout
649 3417 831 3482 statuerat
848 3406 1064 3504 imperator,
1092 3417 1130 3480 et
1148 3409 1233 3480 date

142 3513 229 3580 sunt
255 3505 423 3602 Philippo
450 3509 496 3578 de
524 3505 623 3580 Citro
655 3506 764 3580 uncie
795 3507 875 3581 auri
902 3511 995 3602 200„
1023 3510 1068 3580 de
1099 3506 1233 3604 quibus

140 3615 287 3704 partem
315 3606 417 3679 misit
442 3631 510 3704 pro
542 3607 669 3682 solidis
702 3607 953 3682 obsidentium
980 3610 1234 3702 Introducum,

15 3781 16 3790 ρ
142 3717 179 3779 ct
197 3717 344 3803 partem
364 3707 546 3803 reliquam
564 3708 666 3780 curie
684 3708 867 3807 imperiali
888 3710 1079 3806 persolvit.

216 3807 402 3881 Sullanus
417 3809 594 3882 Damasei
610 3809 775 3906 pretiosa
793 3809 904 3884 mittit
922 3811 1054 3886 exenia
1075 3810 1234 3925 impera·

140 3907 209 3982 tori
226 3933 293 4006 per
307 3911 491 4004 quosdam
506 3910 656 3982 nuntios
671 3935 763 3984 suos
781 3910 818 3982 in
832 3911 1003 4009 Apuliam
1024 3911 1233 3986 venientes.

217 4011 347 4084 bbense
373 4010 509 4108 Aprilis
537 4011 701 4084 Thomas
728 4013 953 4086 Acerrarum
980 4037 1109 4085 comes
1136 4013 1232 4108 apud

142 4109 321 4186 Sanctum
341 4111 464 4184 Vitam
492 4114 536 4186 de
564 4112 675 4186 Mella
694 4117 875 4188 baronum
895 4123 933 4187 et
951 4112 1110 4188 militum
1129 4137 1234 4186 exer-

142 4227 193 4309 ιι)
218 4228 238 4293 ι.
264 4231 289 4303 ι,
314 4229 358 4294 ιιι.
379 4231 429 4294 si.
