3326 5022
463 442 485 511 4
667 433 948 514 RYCCARDUS
976 436 1037 510 DE
1065 436 1101 511 S.
1130 437 1360 515 Germano

462 640 587 738 ipsum
608 643 750 736 absque
769 638 895 711 liberis
917 638 1011 708 mori
1037 638 1285 736 contingeret,
1311 603 1487 714 ammodo
1515 645 1564 714 de

464 742 561 812 facto
582 740 688 836 regni
710 750 902 836 tamquam
923 736 1054 811 fideles
1073 739 1144 836 ipsi
1165 764 1233 812 sue
1253 741 1366 813 amite
1384 752 1564 814 teneren-

462 852 523 913 tur
542 851 578 912 et
597 841 694 914 dicto
715 839 795 936 regi
815 839 1036 911 Alamannie
1056 839 1134 911 viro
1154 841 1245 914 eius

868 983 984 1062 Anno
1019 957 1145 1065 1189ss

536 1093 678 1167 Accidit
705 1103 830 1164 autem
857 1115 1038 1189 processu
1068 1092 1268 1190 temporis,
1303 1105 1341 1166 ut
1369 1118 1434 1166 rex
1462 1095 1560 1193 ipse,

463 1195 568 1292 ouius
597 1193 817 1266 memoriale
844 1192 880 1263 in
911 1192 1094 1288 seculum,
1123 1194 1219 1266 sicut
1236 1195 1395 1266 Domino
1418 1195 1587 1292 placuit·

463 1297 544 1368 sine
564 1295 687 1368 liberis
708 1316 841 1366 mense
859 1293 1079 1366 Decembris
1088 1291 1118 1340 ¹³
1137 1295 1348 1391 decederet,
1369 1296 1473 1368 cuius
1493 1300 1558 1369 de·

464 1421 616 1470 cessum
639 1398 782 1468 cunctis
810 1395 916 1490 regni
945 1391 1030 1466 filiis
1050 1394 1184 1468 merito
1204 1397 1474 1493 deplorandum
1493 1400 1558 1471 de-

461 1495 543 1570 fleri
563 1499 635 1570 hac
653 1496 825 1570 rithmica
843 1494 1114 1568 lamentatione
1132 1497 1344 1593 percensui.

764 1597 905 1691 Plange
924 1595 1075 1692 planctu
1095 1596 1209 1668 nimio

764 1696 903 1791 Sicilia,
921 1695 1091 1769 Calabria

765 1796 883 1892 regio,
902 1795 1035 1892 Apulia

762 1908 937 1994 terraque
956 1894 1121 1968 Laboris.
1209 1987 1210 1991 Ἰ

730 2017 745 2066 5
762 1998 841 2068 Vox
861 1996 1018 2069 meroris
1037 1996 1183 2068 intonet

764 2109 802 2170 et
819 2107 999 2195 personet
1026 2095 1163 2169 nostris
1183 2097 1296 2170 horis.

762 2200 1021 2296 Suspendatur
1039 2221 1222 2294 organum

762 2323 885 2371 omnis
905 2322 993 2370 ons.

762 2401 840 2473 Rex
858 2409 989 2471 noster
1007 2397 1191 2490 amabitis,

716 2518 746 2568 to
764 2501 899 2572 virtute
918 2497 1125 2594 laudabitis,

761 2626 831 2674 evo
851 2598 1120 2692 memorabilia,

762 2701 984 2776 Guilielmus
1003 2701 1184 2796 decessit,

760 2805 860 2875 hunc
879 2801 1069 2901 oppressit
1086 2826 1188 2874 mors
1209 2801 1379 2873 crudelis

761 2903 939 2977 Oinfelix

713 3016 744 3068 15
762 3028 921 3100 regnum
942 3003 1023 3076 sine
1043 3025 1133 3097 rege
1624 3025 1625 3028 ¹

760 3109 835 3177 iam
854 3129 927 3176 non
949 3128 990 3176 es
1011 3102 1194 3196 sublege.

760 3206 934 3278 Presules
955 3213 992 3276 et
1011 3202 1181 3292 comites,
1623 3267 1624 3274 χ

762 3331 830 3379 vos
849 3310 1025 3396 barones,
1044 3301 1209 3400 plangite

761 3409 910 3506 planctu
929 3401 1161 3494 lacrimabili,

708 3526 744 3576 ‘ro
762 3510 952 3606 planctum
971 3527 1089 3601 queso
1109 3499 1231 3573 ducite

638 3699 640 3704 Δ
761 3611 806 3680 de
826 3605 979 3703 querela
997 3601 1120 3675 flebili.

759 3707 834 3778 Vos
855 3715 1025 3777 matrone
1045 3701 1202 3796 nobiles,

761 3805 925 3902 virgines
945 3804 1163 3898 laudabiles,

762 3907 847 3980 olim
869 3906 1121 3998 delectabiles

459 4029 507 4110 13)
539 4028 581 4087 ltu
611 4043 704 4084 mann
734 4025 912 4100 recentiorl;
942 4025 972 4084 iu
996 4023 1139 4102 margine
1161 4026 1289 4082 econtra
1314 4039 1407 4080 runnu
1432 4040 1544 4080 coaeva
1621 4023 1622 4094 ζ

458 4111 569 4190 legitur
596 4128 698 4170 mense
725 4109 882 4172 nouembr.
933 4108 1026 4182 Quod
1055 4107 1138 4167 idem
1170 4104 1280 4173 tuerit,
1310 4105 1383 4164 dum
1411 4123 1467 4163 rex
1497 4104 1544 4162 diu
1621 4097 1622 4174 l

460 4197 506 4258 l6.
523 4192 715 4264 Novembris,
730 4193 823 4272 igitur
840 4194 887 4256 16.
905 4192 971 4252 Kal.
989 4189 1169 4251 Decembris
1186 4187 1274 4262 obiit,
1297 4188 1435 4268 ideoque
1452 4187 1545 4248 alter·

457 4286 526 4339 utro
541 4279 657 4347 'mense
680 4277 796 4338 obiisse
819 4276 877 4336 dici
903 4283 1014 4353 polest.
