<?xml version="1.0" encoding="UTF-8"?>
<!DOCTYPE html PUBLIC "-//W3C//DTD XHTML 1.0 Transitional//EN"
    "http://www.w3.org/TR/xhtml1/DTD/xhtml1-transitional.dtd">
<html xmlns="http://www.w3.org/1999/xhtml" xml:lang="en" lang="en">
 <head>
  <title>
</title>
<meta http-equiv="Content-Type" content="text/html;charset=utf-8" />
  <meta name='ocr-system' content='tesseract 3.04.00' />
  <meta name='ocr-capabilities' content='ocr_page ocr_carea ocr_par ocr_line ocrx_word'/>
</head>
<body>
  <div class='ocr_page' id='page_1' title='image "./ryccardidesanct00ricagoog_0033.png"; bbox 0 0 3326 5022; ppageno 0'>
   <div class='ocr_carea' id='block_1_1' title="bbox 532 399 1238 474">
    <p class='ocr_par' dir='ltr' id='par_1_1' title="bbox 532 399 1238 474">
     <span class='ocr_line' id='line_1_1' title="bbox 532 399 1238 474; baseline 0.006 -5"><span class='ocrx_word' id='word_1_1' title='bbox 532 399 569 469; x_wconf 85' lang='grc' dir='ltr'>Α.</span> <span class='ocrx_word' id='word_1_2' title='bbox 603 399 859 473; x_wconf 76' lang='grc'><strong>1193-1195.</strong></span> <span class='ocrx_word' id='word_1_3' title='bbox 1195 402 1238 474; x_wconf 84' lang='grc'>15</span> 
     </span>
    </p>
   </div>
   <div class='ocr_carea' id='block_1_2' title="bbox 62 595 1387 3416">
    <p class='ocr_par' dir='ltr' id='par_1_2' title="bbox 62 595 1387 3416">
     <span class='ocr_line' id='line_1_2' title="bbox 144 595 1239 694; baseline 0 -24"><span class='ocrx_word' id='word_1_4' title='bbox 144 595 360 673; x_wconf 82' lang='lat' dir='ltr'>fidelitatem</span> <span class='ocrx_word' id='word_1_5' title='bbox 381 598 551 670; x_wconf 81' lang='lat' dir='ltr'>volentes</span> <span class='ocrx_word' id='word_1_6' title='bbox 566 597 706 694; x_wconf 81' lang='lat' dir='ltr'>ipsius·</span> <span class='ocrx_word' id='word_1_7' title='bbox 725 621 839 694; x_wconf 88' lang='lat' dir='ltr'>opera</span> <span class='ocrx_word' id='word_1_8' title='bbox 857 608 1014 694; x_wconf 86' lang='lat' dir='ltr'><strong>possent</strong></span> <span class='ocrx_word' id='word_1_9' title='bbox 1029 597 1239 672; x_wconf 78' lang='lat' dir='ltr'>redimereb</span> 
     </span>
     <span class='ocr_line' id='line_1_3' title="bbox 142 697 1237 794; baseline 0 -24"><span class='ocrx_word' id='word_1_10' title='bbox 142 697 351 793; x_wconf 73' lang='lat' dir='ltr'>offensam,</span> <span class='ocrx_word' id='word_1_11' title='bbox 385 707 424 770; x_wconf 93' lang='lat' dir='ltr'>et</span> <span class='ocrx_word' id='word_1_12' title='bbox 451 722 519 794; x_wconf 90' lang='lat' dir='ltr'>per</span> <span class='ocrx_word' id='word_1_13' title='bbox 545 721 632 770; x_wconf 90' lang='lat' dir='ltr'>eum</span> <span class='ocrx_word' id='word_1_14' title='bbox 659 697 808 770; x_wconf 87' lang='lat' dir='ltr'>veniam</span> <span class='ocrx_word' id='word_1_15' title='bbox 837 709 1083 770; x_wconf 83' lang='lat' dir='ltr'>mererentur.</span> <span class='ocrx_word' id='word_1_16' title='bbox 1134 699 1237 771; x_wconf 89' lang='lat' dir='ltr'>Tune</span> 
     </span>
     <span class='ocr_line' id='line_1_4' title="bbox 142 798 1237 896; baseline 0 -26"><span class='ocrx_word' id='word_1_17' title='bbox 142 798 214 896; x_wconf 89' lang='lat' dir='ltr'>ipsi</span> <span class='ocrx_word' id='word_1_18' title='bbox 241 799 364 872; x_wconf 87' lang='lat' dir='ltr'>abbati</span> <span class='ocrx_word' id='word_1_19' title='bbox 392 809 558 870; x_wconf 75' lang='lat' dir='ltr'><strong>castrum</strong></span> <span class='ocrx_word' id='word_1_20' title='bbox 577 798 726 870; x_wconf 88' lang='lat' dir='ltr'>Malveti</span> <span class='ocrx_word' id='word_1_21' title='bbox 753 801 800 871; x_wconf 92' lang='lat' dir='ltr'>ad</span> <span class='ocrx_word' id='word_1_22' title='bbox 819 823 914 896; x_wconf 88' lang='lat' dir='ltr'>opus</span> <span class='ocrx_word' id='word_1_23' title='bbox 934 798 1090 871; x_wconf 86' lang='lat' dir='ltr'>contulit</span> <span class='ocrx_word' id='word_1_24' title='bbox 1107 823 1237 871; x_wconf 87' lang='lat' dir='ltr'>mona·</span> 
     </span>
     <span class='ocr_line' id='line_1_5' title="bbox 142 899 1237 996; baseline 0 -24"><span class='ocrx_word' id='word_1_25' title='bbox 142 899 247 972; x_wconf 88' lang='lat' dir='ltr'>sterii</span> <span class='ocrx_word' id='word_1_26' title='bbox 262 899 497 995; x_wconf 78' lang='lat' dir='ltr'>Casinensis3</span> <span class='ocrx_word' id='word_1_27' title='bbox 517 909 555 972; x_wconf 91' lang='lat' dir='ltr'>et</span> <span class='ocrx_word' id='word_1_28' title='bbox 571 900 599 972; x_wconf 87' lang='lat' dir='ltr'>F</span> <span class='ocrx_word' id='word_1_29' title='bbox 600 924 706 972; x_wconf 88' lang='lat' dir='ltr'>arum</span> <span class='ocrx_word' id='word_1_30' title='bbox 727 900 936 996; x_wconf 89' lang='lat' dir='ltr'>preteriens</span> <span class='ocrx_word' id='word_1_31' title='bbox 957 899 1121 996; x_wconf 78' lang='lat' dir='ltr'>navigio,</span> <span class='ocrx_word' id='word_1_32' title='bbox 1139 901 1237 972; x_wconf 88' lang='lat' dir='ltr'>Mes·</span> 
     </span>
     <span class='ocr_line' id='line_1_6' title="bbox 143 999 1236 1098; baseline -0.001 -26"><span class='ocrx_word' id='word_1_33' title='bbox 143 1024 277 1072; x_wconf 87' lang='lat' dir='ltr'>sanam</span> <span class='ocrx_word' id='word_1_34' title='bbox 297 999 429 1097; x_wconf 82' lang='lat' dir='ltr'>recipit</span> <span class='ocrx_word' id='word_1_35' title='bbox 445 1010 637 1097; x_wconf 91' lang='lat' dir='ltr'>totamque</span> <span class='ocrx_word' id='word_1_36' title='bbox 656 999 839 1095; x_wconf 77' lang='lat' dir='ltr'>Siciliam3</span> <span class='ocrx_word' id='word_1_37' title='bbox 860 1011 897 1072; x_wconf 84' lang='lat' dir='ltr'>et</span> <span class='ocrx_word' id='word_1_38' title='bbox 911 1001 1138 1072; x_wconf 87' lang='lat' dir='ltr'>Panormum</span> <span class='ocrx_word' id='word_1_39' title='bbox 1152 1023 1236 1098; x_wconf 88' lang='lat' dir='ltr'>pro·</span> 
     </span>
     <span class='ocr_line' id='line_1_7' title="bbox 143 1100 1235 1199; baseline 0.001 -27"><span class='ocrx_word' id='word_1_40' title='bbox 143 1124 294 1198; x_wconf 87' lang='lat' dir='ltr'>perans,</span> <span class='ocrx_word' id='word_1_41' title='bbox 321 1100 454 1198; x_wconf 85' lang='lat' dir='ltr'>recipit</span> <span class='ocrx_word' id='word_1_42' title='bbox 480 1101 668 1174; x_wconf 83' lang='lat' dir='ltr'>civitatem</span> <span class='ocrx_word' id='word_1_43' title='bbox 688 1101 824 1198; x_wconf 78' lang='lat' dir='ltr'>ipsam,</span> <span class='ocrx_word' id='word_1_44' title='bbox 852 1111 890 1173; x_wconf 90' lang='lat' dir='ltr'>et</span> <span class='ocrx_word' id='word_1_45' title='bbox 914 1112 1090 1174; x_wconf 87' lang='lat' dir='ltr'>cunctum</span> <span class='ocrx_word' id='word_1_46' title='bbox 1109 1100 1235 1199; x_wconf 87' lang='lat' dir='ltr'>palatii</span> 
     </span>
     <span class='ocr_line' id='line_1_8' title="bbox 141 1201 1234 1300; baseline 0.002 -29"><span class='ocrx_word' id='word_1_47' title='bbox 141 1201 291 1300; x_wconf 80' lang='lat' dir='ltr'>diripuit</span> <span class='ocrx_word' id='word_1_48' title='bbox 322 1212 556 1300; x_wconf 86' lang='lat' dir='ltr'>apparatum.</span> <span class='ocrx_word' id='word_1_49' title='bbox 608 1203 712 1274; x_wconf 85' lang='lat' dir='ltr'>Tunc</span> <span class='ocrx_word' id='word_1_50' title='bbox 739 1225 832 1272; x_wconf 87' lang='lat' dir='ltr'>uxor</span> <span class='ocrx_word' id='word_1_51' title='bbox 862 1201 985 1298; x_wconf 66' lang='lat' dir='ltr'>regis7</span> <span class='ocrx_word' id='word_1_52' title='bbox 1014 1227 1122 1275; x_wconf 89' lang='lat' dir='ltr'>soror</span> <span class='ocrx_word' id='word_1_53' title='bbox 1149 1202 1234 1275; x_wconf 88' lang='lat' dir='ltr'>dicti</span> 
     </span>
     <span class='ocr_line' id='line_1_9' title="bbox 141 1301 1248 1399; baseline 0 -25"><span class='ocrx_word' id='word_1_54' title='bbox 141 1303 287 1374; x_wconf 91' lang='lat' dir='ltr'>comitis</span> <span class='ocrx_word' id='word_1_55' title='bbox 307 1306 545 1396; x_wconf 72' lang='lat' dir='ltr'>Acerrarum,</span> <span class='ocrx_word' id='word_1_56' title='bbox 571 1326 657 1374; x_wconf 92' lang='lat' dir='ltr'>cum</span> <span class='ocrx_word' id='word_1_57' title='bbox 675 1301 750 1373; x_wconf 89' lang='lat' dir='ltr'>filio</span> <span class='ocrx_word' id='word_1_58' title='bbox 770 1326 839 1374; x_wconf 90' lang='lat' dir='ltr'>suc</span> <span class='ocrx_word' id='word_1_59' title='bbox 858 1303 1014 1399; x_wconf 90' lang='lat' dir='ltr'>parvulo</span> <span class='ocrx_word' id='word_1_60' title='bbox 1034 1303 1248 1376; x_wconf 85' lang='lat' dir='ltr'>Guilielmc·</span> 
     </span>
     <span class='ocr_line' id='line_1_10' title="bbox 140 1402 1234 1500; baseline 0.004 -26"><span class='ocrx_word' id='word_1_61' title='bbox 140 1404 323 1500; x_wconf 84' lang='lat' dir='ltr'>prephato</span> <span class='ocrx_word' id='word_1_62' title='bbox 343 1413 498 1500; x_wconf 90' lang='lat' dir='ltr'>propter</span> <span class='ocrx_word' id='word_1_63' title='bbox 522 1413 665 1476; x_wconf 90' lang='lat' dir='ltr'>metum</span> <span class='ocrx_word' id='word_1_64' title='bbox 692 1402 930 1500; x_wconf 88' lang='lat' dir='ltr'>imperatoris</span> <span class='ocrx_word' id='word_1_65' title='bbox 958 1404 1003 1474; x_wconf 91' lang='lat' dir='ltr'>ad</span> <span class='ocrx_word' id='word_1_66' title='bbox 1029 1404 1152 1478; x_wconf 91' lang='lat' dir='ltr'>locum</span> <span class='ocrx_word' id='word_1_67' title='bbox 1179 1415 1234 1478; x_wconf 71' lang='lat' dir='ltr'>tu-⁴</span> 
     </span>
     <span class='ocr_line' id='line_1_11' title="bbox 140 1503 1231 1600; baseline 0 -26"><span class='ocrx_word' id='word_1_68' title='bbox 140 1503 275 1576; x_wconf 90' lang='lat' dir='ltr'>tiorem</span> <span class='ocrx_word' id='word_1_69' title='bbox 304 1527 346 1576; x_wconf 88' lang='lat' dir='ltr'>se</span> <span class='ocrx_word' id='word_1_70' title='bbox 375 1504 531 1575; x_wconf 84' lang='lat' dir='ltr'>contulit</span> <span class='ocrx_word' id='word_1_71' title='bbox 557 1505 780 1576; x_wconf 88' lang='lat' dir='ltr'>Panormum</span> <span class='ocrx_word' id='word_1_72' title='bbox 810 1505 1012 1597; x_wconf 79' lang='lat' dir='ltr'>deserens,</span> <span class='ocrx_word' id='word_1_73' title='bbox 1047 1527 1131 1575; x_wconf 90' lang='lat' dir='ltr'>cum</span> <span class='ocrx_word' id='word_1_74' title='bbox 1161 1529 1231 1600; x_wconf 88' lang='lat' dir='ltr'>qua</span> 
     </span>
     <span class='ocr_line' id='line_1_12' title="bbox 140 1603 1234 1702; baseline 0.002 -28"><span class='ocrx_word' id='word_1_75' title='bbox 140 1604 237 1676; x_wconf 86' lang='lat' dir='ltr'>facta</span> <span class='ocrx_word' id='word_1_76' title='bbox 257 1604 543 1702; x_wconf 64' lang='lat' dir='ltr'>compositione,</span> <span class='ocrx_word' id='word_1_77' title='bbox 571 1627 656 1676; x_wconf 91' lang='lat' dir='ltr'>cum</span> <span class='ocrx_word' id='word_1_78' title='bbox 680 1629 748 1701; x_wconf 86' lang='lat' dir='ltr'>per</span> <span class='ocrx_word' id='word_1_79' title='bbox 767 1603 842 1675; x_wconf 91' lang='lat' dir='ltr'>vim</span> <span class='ocrx_word' id='word_1_80' title='bbox 859 1603 984 1676; x_wconf 91' lang='lat' dir='ltr'>locum</span> <span class='ocrx_word' id='word_1_81' title='bbox 1003 1603 1040 1674; x_wconf 90' lang='lat' dir='ltr'>in</span> <span class='ocrx_word' id='word_1_82' title='bbox 1059 1629 1132 1701; x_wconf 84' lang='lat' dir='ltr'>quo</span> <span class='ocrx_word' id='word_1_83' title='bbox 1152 1614 1234 1676; x_wconf 89' lang='lat' dir='ltr'>erat</span> 
     </span>
     <span class='ocr_line' id='line_1_13' title="bbox 140 1703 1232 1802; baseline 0.004 -28"><span class='ocrx_word' id='word_1_84' title='bbox 140 1703 310 1802; x_wconf 89' lang='lat' dir='ltr'>optinere</span> <span class='ocrx_word' id='word_1_85' title='bbox 331 1730 402 1776; x_wconf 92' lang='lat' dir='ltr'>non</span> <span class='ocrx_word' id='word_1_86' title='bbox 424 1715 568 1802; x_wconf 65' lang='lat' dir='ltr'>posset,</span> <span class='ocrx_word' id='word_1_87' title='bbox 587 1705 792 1800; x_wconf 86' lang='lat' dir='ltr'>imperator</span> <span class='ocrx_word' id='word_1_88' title='bbox 809 1705 905 1800; x_wconf 47' lang='lat' dir='ltr'>ipse2</span> <span class='ocrx_word' id='word_1_89' title='bbox 927 1704 1129 1778; x_wconf 84' lang='lat' dir='ltr'>securitate</span> <span class='ocrx_word' id='word_1_90' title='bbox 1149 1729 1232 1802; x_wconf 93' lang='lat' dir='ltr'>pre·</span> 
     </span>
     <span class='ocr_line' id='line_1_14' title="bbox 140 1805 1230 1903; baseline 0 -26"><span class='ocrx_word' id='word_1_91' title='bbox 140 1805 247 1900; x_wconf 76' lang='lat' dir='ltr'>stita⁷</span> <span class='ocrx_word' id='word_1_92' title='bbox 280 1805 413 1903; x_wconf 85' lang='lat' dir='ltr'>recipit</span> <span class='ocrx_word' id='word_1_93' title='bbox 438 1830 522 1878; x_wconf 87' lang='lat' dir='ltr'>eam</span> <span class='ocrx_word' id='word_1_94' title='bbox 550 1805 726 1877; x_wconf 76' lang='lat' dir='ltr'>etlilium</span> <span class='ocrx_word' id='word_1_95' title='bbox 756 1806 801 1876; x_wconf 92' lang='lat' dir='ltr'>ad</span> <span class='ocrx_word' id='word_1_96' title='bbox 831 1829 965 1878; x_wconf 88' lang='lat' dir='ltr'>manus</span> <span class='ocrx_word' id='word_1_97' title='bbox 994 1830 1101 1900; x_wconf 76' lang='lat' dir='ltr'>suas5</span> <span class='ocrx_word' id='word_1_98' title='bbox 1137 1830 1230 1902; x_wconf 90' lang='lat' dir='ltr'>quus</span> 
     </span>
     <span class='ocr_line' id='line_1_15' title="bbox 118 1905 1387 2004; baseline 0.002 -28"><span class='ocrx_word' id='word_1_99' title='bbox 118 1906 448 1979; x_wconf 70' lang='lat' dir='ltr'>‘Musoancervelii</span> <span class='ocrx_word' id='word_1_100' title='bbox 474 1905 641 1978; x_wconf 88' lang='lat' dir='ltr'>custodie</span> <span class='ocrx_word' id='word_1_101' title='bbox 666 1905 827 1998; x_wconf 55' lang='lat' dir='ltr'>tradidit</span> <span class='ocrx_word' id='word_1_102' title='bbox 855 1915 892 1976; x_wconf 89' lang='lat' dir='ltr'>et</span> <span class='ocrx_word' id='word_1_103' title='bbox 917 1930 962 1977; x_wconf 87' lang='lat' dir='ltr'>ex</span> <span class='ocrx_word' id='word_1_104' title='bbox 982 1906 1036 1978; x_wconf 81' lang='lat' dir='ltr'>eis</span> <span class='ocrx_word' id='word_1_105' title='bbox 1055 1905 1143 1978; x_wconf 87' lang='lat' dir='ltr'>fecit</span> <span class='ocrx_word' id='word_1_106' title='bbox 1162 1931 1230 1978; x_wconf 89' lang='lat' dir='ltr'>sue</span> <span class='ocrx_word' id='word_1_107' title='bbox 1384 1995 1387 2004; x_wconf 17' lang='lat' dir='ltr'>y</span> 
     </span>
     <span class='ocr_line' id='line_1_16' title="bbox 139 2005 1325 2104; baseline 0 -24"><span class='ocrx_word' id='word_1_108' title='bbox 139 2006 414 2104; x_wconf 89' lang='lat' dir='ltr'>beneplacitum</span> <span class='ocrx_word' id='word_1_109' title='bbox 430 2006 643 2078; x_wconf 84' lang='lat' dir='ltr'>voluntatis.</span> <span class='ocrx_word' id='word_1_110' title='bbox 678 2007 782 2078; x_wconf 85' lang='lat' dir='ltr'>Tunc</span> <span class='ocrx_word' id='word_1_111' title='bbox 798 2006 916 2078; x_wconf 87' lang='lat' dir='ltr'>dictus</span> <span class='ocrx_word' id='word_1_112' title='bbox 932 2005 1150 2079; x_wconf 88' lang='lat' dir='ltr'>Casinensis</span> <span class='ocrx_word' id='word_1_113' title='bbox 1169 2011 1325 2084; x_wconf 63' lang='lat' dir='ltr'>abradis.</span> 
     </span>
     <span class='ocr_line' id='line_1_17' title="bbox 139 2105 1230 2205; baseline 0 -25"><span class='ocrx_word' id='word_1_114' title='bbox 139 2112 205 2180; x_wconf 89' lang='lat' dir='ltr'>bas</span> <span class='ocrx_word' id='word_1_115' title='bbox 227 2108 512 2182; x_wconf 87' lang='lat' dir='ltr'>concessionem</span> <span class='ocrx_word' id='word_1_116' title='bbox 540 2111 586 2180; x_wconf 82' lang='lat' dir='ltr'>ab</span> <span class='ocrx_word' id='word_1_117' title='bbox 613 2107 695 2205; x_wconf 92' lang='lat' dir='ltr'>ipso</span> <span class='ocrx_word' id='word_1_118' title='bbox 720 2106 947 2204; x_wconf 84' lang='lat' dir='ltr'>imperatore</span> <span class='ocrx_word' id='word_1_119' title='bbox 975 2110 1020 2178; x_wconf 91' lang='lat' dir='ltr'>de</span> <span class='ocrx_word' id='word_1_120' title='bbox 1039 2105 1148 2180; x_wconf 85' lang='lat' dir='ltr'>Atino</span> <span class='ocrx_word' id='word_1_121' title='bbox 1174 2133 1230 2180; x_wconf 89' lang='lat' dir='ltr'>re-</span> 
     </span>
     <span class='ocr_line' id='line_1_18' title="bbox 138 2206 1229 2306; baseline 0.001 -26"><span class='ocrx_word' id='word_1_122' title='bbox 138 2207 227 2306; x_wconf 92' lang='lat' dir='ltr'>cipit</span> <span class='ocrx_word' id='word_1_123' title='bbox 253 2211 363 2281; x_wconf 89' lang='lat' dir='ltr'>etde</span> <span class='ocrx_word' id='word_1_124' title='bbox 390 2233 499 2280; x_wconf 91' lang='lat' dir='ltr'>rocoa</span> <span class='ocrx_word' id='word_1_125' title='bbox 528 2207 734 2302; x_wconf 71' lang='lat' dir='ltr'>Guilietmi,</span> <span class='ocrx_word' id='word_1_126' title='bbox 768 2217 806 2280; x_wconf 92' lang='lat' dir='ltr'>et</span> <span class='ocrx_word' id='word_1_127' title='bbox 832 2206 949 2278; x_wconf 90' lang='lat' dir='ltr'>filium</span> <span class='ocrx_word' id='word_1_128' title='bbox 979 2208 1156 2304; x_wconf 81' lang='lat' dir='ltr'>Roggerii</span> <span class='ocrx_word' id='word_1_129' title='bbox 1184 2212 1229 2281; x_wconf 90' lang='lat' dir='ltr'>de</span> 
     </span>
     <span class='ocr_line' id='line_1_19' title="bbox 137 2307 1231 2404; baseline 0 -24"><span class='ocrx_word' id='word_1_130' title='bbox 137 2310 291 2380; x_wconf 85' lang='lat' dir='ltr'>Foresta</span> <span class='ocrx_word' id='word_1_131' title='bbox 318 2309 354 2380; x_wconf 92' lang='lat' dir='ltr'>in</span> <span class='ocrx_word' id='word_1_132' title='bbox 379 2310 488 2383; x_wconf 86' lang='lat' dir='ltr'>Atino</span> <span class='ocrx_word' id='word_1_133' title='bbox 518 2307 712 2382; x_wconf 85' lang='lat' dir='ltr'>castellani</span> <span class='ocrx_word' id='word_1_134' title='bbox 739 2311 784 2380; x_wconf 86' lang='lat' dir='ltr'>ab</span> <span class='ocrx_word' id='word_1_135' title='bbox 812 2307 894 2404; x_wconf 90' lang='lat' dir='ltr'>ipso</span> <span class='ocrx_word' id='word_1_136' title='bbox 920 2308 1147 2404; x_wconf 88' lang='lat' dir='ltr'>imperatore</span> <span class='ocrx_word' id='word_1_137' title='bbox 1174 2333 1231 2380; x_wconf 91' lang='lat' dir='ltr'>re·</span> 
     </span>
     <span class='ocr_line' id='line_1_20' title="bbox 138 2407 1229 2506; baseline -0.002 -25"><span class='ocrx_word' id='word_1_138' title='bbox 138 2407 295 2506; x_wconf 71' lang='lat' dir='ltr'>cipiens‚</span> <span class='ocrx_word' id='word_1_139' title='bbox 321 2419 358 2482; x_wconf 84' lang='lat' dir='ltr'>et</span> <span class='ocrx_word' id='word_1_140' title='bbox 384 2411 601 2483; x_wconf 81' lang='lat' dir='ltr'>mandatum</span> <span class='ocrx_word' id='word_1_141' title='bbox 629 2433 696 2506; x_wconf 91' lang='lat' dir='ltr'>per</span> <span class='ocrx_word' id='word_1_142' title='bbox 720 2407 864 2480; x_wconf 85' lang='lat' dir='ltr'>litteras</span> <span class='ocrx_word' id='word_1_143' title='bbox 891 2412 935 2504; x_wconf 86' lang='lat' dir='ltr'>ad</span> <span class='ocrx_word' id='word_1_144' title='bbox 964 2409 1151 2482; x_wconf 86' lang='lat' dir='ltr'>Andream</span> <span class='ocrx_word' id='word_1_145' title='bbox 1183 2413 1229 2482; x_wconf 94' lang='lat' dir='ltr'>de</span> 
     </span>
     <span class='ocr_line' id='line_1_21' title="bbox 137 2509 1228 2604; baseline 0 -22"><span class='ocrx_word' id='word_1_146' title='bbox 137 2511 264 2582; x_wconf 77' lang='lat' dir='ltr'>&#39;teano</span> <span class='ocrx_word' id='word_1_147' title='bbox 291 2511 537 2584; x_wconf 77' lang='lat' dir='ltr'>castellanum</span> <span class='ocrx_word' id='word_1_148' title='bbox 565 2533 675 2582; x_wconf 81' lang='lat' dir='ltr'>rocco</span> <span class='ocrx_word' id='word_1_149' title='bbox 695 2509 902 2604; x_wconf 72' lang='lat' dir='ltr'>Guiiielmi‚</span> <span class='ocrx_word' id='word_1_150' title='bbox 930 2520 970 2582; x_wconf 91' lang='lat' dir='ltr'>ut</span> <span class='ocrx_word' id='word_1_151' title='bbox 989 2509 1057 2583; x_wconf 91' lang='lat' dir='ltr'>sibi</span> <span class='ocrx_word' id='word_1_152' title='bbox 1077 2534 1228 2582; x_wconf 88' lang='lat' dir='ltr'>roccam</span> 
     </span>
     <span class='ocr_line' id='line_1_22' title="bbox 62 2610 1227 2710; baseline 0.002 -28"><span class='ocrx_word' id='word_1_153' title='bbox 62 2663 64 2668; x_wconf 87' lang='lat'>-</span> <span class='ocrx_word' id='word_1_154' title='bbox 136 2611 257 2708; x_wconf 89' lang='lat' dir='ltr'>ipsam</span> <span class='ocrx_word' id='word_1_155' title='bbox 287 2610 484 2710; x_wconf 81' lang='lat' dir='ltr'>assignare</span> <span class='ocrx_word' id='word_1_156' title='bbox 515 2613 688 2706; x_wconf 48' lang='lat' dir='ltr'>deberem</span> <span class='ocrx_word' id='word_1_157' title='bbox 720 2610 839 2683; x_wconf 90' lang='lat' dir='ltr'>dictus</span> <span class='ocrx_word' id='word_1_158' title='bbox 867 2615 982 2684; x_wconf 89' lang='lat' dir='ltr'>abbas</span> <span class='ocrx_word' id='word_1_159' title='bbox 1010 2611 1048 2682; x_wconf 91' lang='lat' dir='ltr'>in</span> <span class='ocrx_word' id='word_1_160' title='bbox 1075 2635 1142 2683; x_wconf 87' lang='lat' dir='ltr'>sua</span> <span class='ocrx_word' id='word_1_161' title='bbox 1171 2635 1227 2684; x_wconf 86' lang='lat' dir='ltr'>re·</span> 
     </span>
     <span class='ocr_line' id='line_1_23' title="bbox 134 2710 1265 2809; baseline -0.006 -25"><span class='ocrx_word' id='word_1_162' title='bbox 134 2733 267 2785; x_wconf 89' lang='lat' dir='ltr'>versus</span> <span class='ocrx_word' id='word_1_163' title='bbox 288 2723 356 2784; x_wconf 89' lang='lat' dir='ltr'>est.</span> <span class='ocrx_word' id='word_1_164' title='bbox 449 2713 675 2809; x_wconf 82' lang='lat' dir='ltr'>imperatorc</span> <span class='ocrx_word' id='word_1_165' title='bbox 693 2711 775 2808; x_wconf 90' lang='lat' dir='ltr'>ipse</span> <span class='ocrx_word' id='word_1_166' title='bbox 788 2711 831 2782; x_wconf 85' lang='lat' dir='ltr'>in</span> <span class='ocrx_word' id='word_1_167' title='bbox 850 2710 909 2782; x_wconf 85' lang='lat' dir='ltr'>die</span> <span class='ocrx_word' id='word_1_168' title='bbox 929 2711 1063 2783; x_wconf 81' lang='lat' dir='ltr'>natatis</span> <span class='ocrx_word' id='word_1_169' title='bbox 1081 2712 1265 2784; x_wconf 72' lang='lat' dir='ltr'>Dominio.</span> 
     </span>
     <span class='ocr_line' id='line_1_24' title="bbox 135 2812 1225 2910; baseline 0 -26"><span class='ocrx_word' id='word_1_170' title='bbox 135 2835 275 2910; x_wconf 81' lang='lat' dir='ltr'>regens</span> <span class='ocrx_word' id='word_1_171' title='bbox 289 2812 463 2884; x_wconf 91' lang='lat' dir='ltr'>Panormi</span> <span class='ocrx_word' id='word_1_172' title='bbox 479 2812 618 2884; x_wconf 89' lang='lat' dir='ltr'>curiam</span> <span class='ocrx_word' id='word_1_173' title='bbox 635 2814 867 2909; x_wconf 64' lang='lat' dir='ltr'>generalem,</span> <span class='ocrx_word' id='word_1_174' title='bbox 887 2813 1108 2910; x_wconf 80' lang='lat' dir='ltr'>prephatam</span> <span class='ocrx_word' id='word_1_175' title='bbox 1129 2813 1225 2908; x_wconf 87' lang='lat' dir='ltr'>regi·</span> 
     </span>
     <span class='ocr_line' id='line_1_25' title="bbox 135 2912 1224 3011; baseline 0.002 -27"><span class='ocrx_word' id='word_1_176' title='bbox 135 2938 223 2986; x_wconf 90' lang='lat' dir='ltr'>nam</span> <span class='ocrx_word' id='word_1_177' title='bbox 249 2923 287 2986; x_wconf 87' lang='lat' dir='ltr'>et</span> <span class='ocrx_word' id='word_1_178' title='bbox 311 2912 429 2987; x_wconf 84' lang='lat' dir='ltr'>filium</span> <span class='ocrx_word' id='word_1_179' title='bbox 457 2913 551 3011; x_wconf 71' lang='lat' dir='ltr'>eius,</span> <span class='ocrx_word' id='word_1_180' title='bbox 579 2937 748 2987; x_wconf 88' lang='lat' dir='ltr'>necnon</span> <span class='ocrx_word' id='word_1_181' title='bbox 776 2923 813 2986; x_wconf 90' lang='lat' dir='ltr'>et</span> <span class='ocrx_word' id='word_1_182' title='bbox 839 2913 932 2986; x_wconf 83' lang='lat' dir='ltr'>alios</span> <span class='ocrx_word' id='word_1_183' title='bbox 960 2913 1224 3011; x_wconf 89' lang='lat' dir='ltr'>quamplures</span> 
     </span>
     <span class='ocr_line' id='line_1_26' title="bbox 132 3012 1225 3112; baseline 0.001 -27"><span class='ocrx_word' id='word_1_184' title='bbox 132 3012 305 3112; x_wconf 88' lang='lat' dir='ltr'>presules</span> <span class='ocrx_word' id='word_1_185' title='bbox 332 3025 369 3087; x_wconf 85' lang='lat' dir='ltr'>et</span> <span class='ocrx_word' id='word_1_186' title='bbox 394 3015 551 3088; x_wconf 85' lang='lat' dir='ltr'>comites</span> <span class='ocrx_word' id='word_1_187' title='bbox 579 3014 705 3110; x_wconf 60' lang='lat' dir='ltr'>regni7</span> <span class='ocrx_word' id='word_1_188' title='bbox 731 3014 864 3111; x_wconf 87' lang='lat' dir='ltr'>quibus</span> <span class='ocrx_word' id='word_1_189' title='bbox 898 3014 979 3112; x_wconf 84' lang='lat' dir='ltr'>ipse</span> <span class='ocrx_word' id='word_1_190' title='bbox 1006 3014 1225 3112; x_wconf 86' lang='lat' dir='ltr'>proditionis</span> 
     </span>
     <span class='ocr_line' id='line_1_27' title="bbox 133 3115 1222 3214; baseline 0 -28"><span class='ocrx_word' id='word_1_191' title='bbox 133 3125 260 3188; x_wconf 90' lang='lat' dir='ltr'>notam</span> <span class='ocrx_word' id='word_1_192' title='bbox 287 3115 516 3214; x_wconf 64' lang='lat' dir='ltr'>imponebat,</span> <span class='ocrx_word' id='word_1_193' title='bbox 544 3115 678 3188; x_wconf 87' lang='lat' dir='ltr'>iudicio</span> <span class='ocrx_word' id='word_1_194' title='bbox 696 3115 941 3190; x_wconf 79' lang='lat' dir='ltr'>Petri&#39;Celani</span> <span class='ocrx_word' id='word_1_195' title='bbox 971 3115 1117 3189; x_wconf 87' lang='lat' dir='ltr'>comitis</span> <span class='ocrx_word' id='word_1_196' title='bbox 1141 3117 1222 3214; x_wconf 90' lang='lat' dir='ltr'>capi</span> 
     </span>
     <span class='ocr_line' id='line_1_28' title="bbox 133 3215 1224 3316; baseline 0.002 -30"><span class='ocrx_word' id='word_1_197' title='bbox 133 3216 233 3312; x_wconf 74' lang='lat' dir='ltr'>iecit,</span> <span class='ocrx_word' id='word_1_198' title='bbox 259 3228 295 3289; x_wconf 88' lang='lat' dir='ltr'>et</span> <span class='ocrx_word' id='word_1_199' title='bbox 320 3241 365 3290; x_wconf 88' lang='lat' dir='ltr'>ex</span> <span class='ocrx_word' id='word_1_200' title='bbox 390 3217 483 3316; x_wconf 91' lang='lat' dir='ltr'>ipsis</span> <span class='ocrx_word' id='word_1_201' title='bbox 510 3219 692 3314; x_wconf 90' lang='lat' dir='ltr'>quosdam</span> <span class='ocrx_word' id='word_1_202' title='bbox 712 3215 867 3308; x_wconf 61' lang='lat' dir='ltr'>orbavit,</span> <span class='ocrx_word' id='word_1_203' title='bbox 895 3219 1078 3312; x_wconf 88' lang='lat' dir='ltr'>quosdam</span> <span class='ocrx_word' id='word_1_204' title='bbox 1098 3216 1224 3288; x_wconf 87' lang='lat' dir='ltr'>incen-</span> 
     </span>
     <span class='ocr_line' id='line_1_29' title="bbox 132 3316 1223 3416; baseline 0 -28"><span class='ocrx_word' id='word_1_205' title='bbox 132 3317 211 3412; x_wconf 68' lang='grc' dir='ltr'>(Ιίο,</span> <span class='ocrx_word' id='word_1_206' title='bbox 245 3322 426 3414; x_wconf 91' lang='lat' dir='ltr'>quosdam</span> <span class='ocrx_word' id='word_1_207' title='bbox 453 3317 680 3416; x_wconf 77' lang='lat' dir='ltr'>suspendio,</span> <span class='ocrx_word' id='word_1_208' title='bbox 709 3327 747 3388; x_wconf 89' lang='lat' dir='ltr'>et</span> <span class='ocrx_word' id='word_1_209' title='bbox 773 3318 954 3413; x_wconf 89' lang='lat' dir='ltr'>quosdam</span> <span class='ocrx_word' id='word_1_210' title='bbox 983 3317 1019 3388; x_wconf 91' lang='lat' dir='ltr'>in</span> <span class='ocrx_word' id='word_1_211' title='bbox 1047 3316 1223 3390; x_wconf 85' lang='lat' dir='ltr'>Alaman-</span> 
     </span>
    </p>
   </div>
   <div class='ocr_carea' id='block_1_3' title="bbox 132 3416 1323 3545">
    <p class='ocr_par' dir='ltr' id='par_1_3' title="bbox 132 3416 1323 3545">
     <span class='ocr_line' id='line_1_30' title="bbox 132 3416 1323 3545; baseline 0.008 -57"><span class='ocrx_word' id='word_1_212' title='bbox 132 3416 231 3488; x_wconf 91' lang='lat' dir='ltr'>niam</span> <span class='ocrx_word' id='word_1_213' title='bbox 252 3419 361 3490; x_wconf 88' lang='lat' dir='ltr'>exilio</span> <span class='ocrx_word' id='word_1_214' title='bbox 381 3418 590 3492; x_wconf 89' lang='lat' dir='ltr'>destinavit.</span> <span class='ocrx_word' id='word_1_215' title='bbox 626 3419 730 3490; x_wconf 91' lang='lat' dir='ltr'>Tunc</span> <span class='ocrx_word' id='word_1_216' title='bbox 748 3416 965 3514; x_wconf 88' lang='lat' dir='ltr'>imperatrix</span> <span class='ocrx_word' id='word_1_217' title='bbox 984 3416 1020 3488; x_wconf 90' lang='lat' dir='ltr'>in</span> <span class='ocrx_word' id='word_1_218' title='bbox 1039 3417 1176 3490; x_wconf 76' lang='lat' dir='ltr'>Aesiad</span> <span class='ocrx_word' id='word_1_219' title='bbox 1194 3417 1323 3545; x_wconf 52' lang='lat' dir='ltr'>“mgeflff</span> 
     </span>
    </p>
   </div>
   <div class='ocr_carea' id='block_1_4' title="bbox 1229 3533 1331 3693">
    <p class='ocr_par' dir='ltr' id='par_1_4' title="bbox 1229 3533 1331 3693">
     <span class='ocr_line' id='line_1_31' title="bbox 1229 3533 1331 3618; baseline 0.039 -3"><span class='ocrx_word' id='word_1_220' title='bbox 1229 3533 1331 3618; x_wconf 75' lang='lat' dir='ltr'>inferio</span> 
     </span>
     <span class='ocr_line' id='line_1_32' title="bbox 1229 3637 1329 3693; baseline 0.02 -3"><span class='ocrx_word' id='word_1_221' title='bbox 1229 3655 1251 3693; x_wconf 85' lang='lat' dir='ltr'>s.</span> <span class='ocrx_word' id='word_1_222' title='bbox 1270 3637 1329 3692; x_wconf 89' lang='lat' dir='ltr'>Ste·</span> 
     </span>
    </p>
   </div>
   <div class='ocr_carea' id='block_1_5' title="bbox 615 3688 1320 3780">
    <p class='ocr_par' dir='ltr' id='par_1_5' title="bbox 615 3688 1320 3780">
     <span class='ocr_line' id='line_1_33' title="bbox 615 3688 1320 3780; baseline 0.009 -3"><span class='ocrx_word' id='word_1_223' title='bbox 615 3688 739 3780; x_wconf 82' lang='lat'>1195.</span> <span class='ocrx_word' id='word_1_224' title='bbox 1166 3749 1169 3758; x_wconf 74' lang='lat'><em>=</em></span> <span class='ocrx_word' id='word_1_225' title='bbox 1229 3705 1320 3779; x_wconf 70' lang='lat' dir='ltr'>poan</span> 
     </span>
    </p>
   </div>
   <div class='ocr_carea' id='block_1_6' title="bbox 77 3824 1219 4124">
    <p class='ocr_par' dir='ltr' id='par_1_6' title="bbox 77 3824 1219 4124">
     <span class='ocr_line' id='line_1_34' title="bbox 204 3824 1217 3924; baseline 0.003 -29"><span class='ocrx_word' id='word_1_226' title='bbox 204 3824 390 3898; x_wconf 84' lang='lat' dir='ltr'>Roffridus</span> <span class='ocrx_word' id='word_1_227' title='bbox 406 3825 624 3900; x_wconf 87' lang='lat' dir='ltr'>Casinensis</span> <span class='ocrx_word' id='word_1_228' title='bbox 652 3831 766 3901; x_wconf 85' lang='lat' dir='ltr'>abbas</span> <span class='ocrx_word' id='word_1_229' title='bbox 792 3837 951 3899; x_wconf 90' lang='lat' dir='ltr'>tractatu</span> <span class='ocrx_word' id='word_1_230' title='bbox 971 3828 1217 3924; x_wconf 88' lang='lat' dir='ltr'>quorumdam</span> 
     </span>
     <span class='ocr_line' id='line_1_35' title="bbox 77 3924 1219 4024; baseline 0.005 -30"><span class='ocrx_word' id='word_1_231' title='bbox 77 3962 79 3966; x_wconf 93' lang='lat'>·</span> <span class='ocrx_word' id='word_1_232' title='bbox 128 3925 173 4006; x_wconf 89' lang='lat' dir='ltr'>de</span> <span class='ocrx_word' id='word_1_233' title='bbox 193 3924 301 3996; x_wconf 83' lang='lat' dir='ltr'>Atino</span> <span class='ocrx_word' id='word_1_234' title='bbox 328 3939 510 3999; x_wconf 91' lang='lat' dir='ltr'>nocturno</span> <span class='ocrx_word' id='word_1_235' title='bbox 536 3938 706 4024; x_wconf 88' lang='lat' dir='ltr'>tempore</span> <span class='ocrx_word' id='word_1_236' title='bbox 731 3929 961 4000; x_wconf 89' lang='lat' dir='ltr'>introductus</span> <span class='ocrx_word' id='word_1_237' title='bbox 987 3927 1135 4000; x_wconf 87' lang='lat' dir='ltr'>Atinum</span> <span class='ocrx_word' id='word_1_238' title='bbox 1164 3952 1219 4000; x_wconf 88' lang='lat' dir='ltr'>re·</span> 
     </span>
     <span class='ocr_line' id='line_1_36' title="bbox 128 4023 1217 4124; baseline 0.007 -30"><span class='ocrx_word' id='word_1_239' title='bbox 128 4023 228 4122; x_wconf 73' lang='lat' dir='ltr'>cipit,</span> <span class='ocrx_word' id='word_1_240' title='bbox 243 4026 380 4100; x_wconf 89' lang='lat' dir='ltr'>dictum</span> <span class='ocrx_word' id='word_1_241' title='bbox 392 4029 620 4124; x_wconf 81' lang='lat' dir='ltr'>Roggerium</span> <span class='ocrx_word' id='word_1_242' title='bbox 637 4031 682 4100; x_wconf 89' lang='lat' dir='ltr'>de</span> <span class='ocrx_word' id='word_1_243' title='bbox 693 4029 846 4100; x_wconf 85' lang='lat' dir='ltr'>Foresta</span> <span class='ocrx_word' id='word_1_244' title='bbox 858 4029 1105 4101; x_wconf 80' lang='lat' dir='ltr'>castellanum</span> <span class='ocrx_word' id='word_1_245' title='bbox 1118 4026 1217 4102; x_wconf 85' lang='lat' dir='ltr'>intus</span> 
     </span>
    </p>
   </div>
   <div class='ocr_carea' id='block_1_7' title="bbox 126 4159 1218 4320">
    <p class='ocr_par' dir='ltr' id='par_1_7' title="bbox 126 4159 1218 4320">
     <span class='ocr_line' id='line_1_37' title="bbox 127 4159 1218 4232; baseline 0.01 -22"><span class='ocrx_word' id='word_1_246' title='bbox 127 4159 150 4228; x_wconf 82' lang='lat' dir='ltr'>a)</span> <span class='ocrx_word' id='word_1_247' title='bbox 180 4178 269 4217; x_wconf 84' lang='lat' dir='ltr'>uocem</span> <span class='ocrx_word' id='word_1_248' title='bbox 296 4169 348 4219; x_wconf 79' lang='lat' dir='ltr'>tom</span> <span class='ocrx_word' id='word_1_249' title='bbox 376 4180 481 4219; x_wconf 73' lang='lat' dir='ltr'>erasm</span> <span class='ocrx_word' id='word_1_250' title='bbox 507 4168 620 4219; x_wconf 80' lang='lat' dir='ltr'>restitut.</span> <span class='ocrx_word' id='word_1_251' title='bbox 730 4163 756 4232; x_wconf 86' lang='lat' dir='ltr'>b)</span> <span class='ocrx_word' id='word_1_252' title='bbox 784 4178 874 4220; x_wconf 84' lang='lat' dir='ltr'>uocem</span> <span class='ocrx_word' id='word_1_253' title='bbox 898 4168 950 4219; x_wconf 77' lang='lat' dir='ltr'>iam</span> <span class='ocrx_word' id='word_1_254' title='bbox 973 4181 1079 4220; x_wconf 68' lang='lat' dir='ltr'>morum</span> <span class='ocrx_word' id='word_1_255' title='bbox 1106 4169 1218 4221; x_wconf 76' lang='lat' dir='ltr'>restitut.</span> 
     </span>
     <span class='ocr_line' id='line_1_38' title="bbox 126 4235 1218 4320; baseline 0.017 -36"><span class='ocrx_word' id='word_1_256' title='bbox 126 4235 149 4298; x_wconf 79' lang='lat' dir='ltr'>e)</span> <span class='ocrx_word' id='word_1_257' title='bbox 171 4235 240 4309; x_wconf 81' lang='lat' dir='ltr'>hnpr</span> <span class='ocrx_word' id='word_1_258' title='bbox 260 4257 282 4292; x_wconf 86' lang='lat' dir='ltr'>c.</span> <span class='ocrx_word' id='word_1_259' title='bbox 339 4241 384 4306; x_wconf 82' lang='lat' dir='ltr'>d)</span> <span class='ocrx_word' id='word_1_260' title='bbox 405 4255 457 4300; x_wconf 77' lang='lat' dir='ltr'>uer</span> <span class='ocrx_word' id='word_1_261' title='bbox 476 4241 588 4294; x_wconf 79' lang='lat' dir='ltr'>obscuro</span> <span class='ocrx_word' id='word_1_262' title='bbox 609 4256 631 4292; x_wconf 89' lang='lat' dir='ltr'>c.</span> <span class='ocrx_word' id='word_1_263' title='bbox 1074 4237 1122 4320; x_wconf 79' lang='grc'>17)</span> <span class='ocrx_word' id='word_1_264' title='bbox 1147 4238 1218 4302; x_wconf 88' lang='lat' dir='ltr'>lesi.</span> 
     </span>
    </p>
   </div>
   <div class='ocr_carea' id='block_1_8' title="bbox 132 3514 1038 3618">
    <p class='ocr_par' dir='ltr' id='par_1_8' title="bbox 132 3514 1038 3618">
     <span class='ocr_line' id='line_1_39' title="bbox 132 3514 1038 3618; baseline 0.003 -33"><span class='ocrx_word' id='word_1_265' title='bbox 132 3514 168 3586; x_wconf 94' lang='lat' dir='ltr'>in</span> <span class='ocrx_word' id='word_1_266' title='bbox 188 3515 351 3590; x_wconf 86' lang='lat' dir='ltr'>Marchia</span> <span class='ocrx_word' id='word_1_267' title='bbox 369 3518 486 3592; x_wconf 90' lang='lat' dir='ltr'>filium</span> <span class='ocrx_word' id='word_1_268' title='bbox 505 3519 602 3618; x_wconf 92' lang='lat' dir='ltr'>parit</span> <span class='ocrx_word' id='word_1_269' title='bbox 619 3518 771 3591; x_wconf 90' lang='lat' dir='ltr'>nomine</span> <span class='ocrx_word' id='word_1_270' title='bbox 789 3517 1038 3591; x_wconf 85' lang='lat' dir='ltr'>Fredericum.</span> 
     </span>
    </p>
   </div>
   <div class='ocr_carea' id='block_1_9' title="bbox 0 0 1668 5022">
    <p class='ocr_par' dir='ltr' id='par_1_9' title="bbox 0 0 1668 5022">
     <span class='ocr_line' id='line_1_40' title="bbox 0 0 1668 5022; baseline 0 6"><span class='ocrx_word' id='word_1_271' title='bbox 0 0 1668 5022; x_wconf 95' lang='lat' dir='ltr'> </span> 
     </span>
    </p>
   </div>
  </div>
 </body>
</html>
