3352 5026
600 444 640 513 A.
672 443 777 516 1242.
1174 444 1242 520 153

150 650 337 746 quoddam
352 643 601 739 quodYseum
614 641 746 714 dicitur
759 645 805 714 de
821 643 1041 739 episcopatu
1052 642 1247 716 brexiensi
1381 667 1382 670 ¹

151 751 186 821 vi
207 747 376 844 optinent
395 753 433 815 et
450 741 635 840 recipiunt
653 746 697 813 ad
718 744 934 814 mandatum
956 767 1076 815 suum.

227 844 395 940 Reginus
422 854 459 916 et
478 842 661 915 Taurinos
691 842 859 940 episcopi
886 847 931 916 de
958 843 1178 915 Lombardia
1199 847 1245 916 ad

17 1037 18 1040 Ἴ
154 949 422 1042 imperatorem
442 945 479 1016 in
498 943 671 1041 Apuliam
692 946 839 1015 vadunt.
883 943 1064 1018 Homines
1085 943 1248 1016 demanii

17 1046 19 1124 J
153 1047 378 1143 ubicumque
404 1045 545 1117 inventi
571 1068 639 1142 per
663 1043 849 1117 abbatiam
870 1044 1117 1118 Casinensem
1144 1069 1250 1117 revo-

16 1209 18 1234 ἶ
155 1158 299 1244 cantur,
321 1157 359 1219 et
378 1145 652 1244 compelluntur
670 1148 715 1216 de
736 1146 912 1216 mandato
932 1145 1109 1244 principis
1129 1145 1183 1218 ire
1203 1148 1247 1218 ad

16 1285 17 1326 ῑ
154 1249 397 1322 habitandum
416 1250 462 1318 ad
482 1247 678 1319 Civitatem
698 1269 847 1316 novam.

16 1349 18 1354 ’
229 1350 360 1422 lllense
378 1347 470 1418 lunii
490 1346 669 1418 Asculum
696 1369 738 1417 se
764 1345 884 1417 reddit
903 1355 940 1416 et
958 1344 1061 1417 venit
1079 1348 1124 1417 ad
1146 1370 1248 1416 man-

154 1453 280 1522 datum
300 1447 548 1544 imperatoris.
585 1447 750 1518 Thomas
764 1447 989 1517 Acerrarum
1004 1469 1134 1518 comes
1150 1445 1249 1542 capi-

154 1560 289 1622 taneus
305 1548 341 1619 in
357 1547 503 1641 Syriam
519 1546 746 1618 transfretat.
774 1546 961 1619 Berardus
978 1570 1106 1618 comes
1121 1546 1250 1617 blanu-

154 1650 256 1747 plelli
276 1648 379 1720 iussu
401 1645 585 1744 principis
598 1647 634 1717 in
655 1646 863 1719 Sardiniam
885 1646 993 1718 vadit.
1036 1646 1249 1718 Patriarcha

155 1748 421 1847 Aquilegensis
449 1747 511 1844 qui
537 1749 727 1845 profacto
752 1748 993 1820 Tartarorum
1019 1750 1064 1820 ad
1089 1747 1249 1844 impera-

154 1860 276 1922 torem
296 1859 465 1944 venerat‚
483 1847 695 1921 licentiatus
716 1851 761 1920 ab
782 1874 825 1922 eo
845 1850 882 1920 in
902 1873 970 1921 sua
990 1848 1141 1922 recedit.
1179 1847 1250 1919 lm-

156 1961 308 2050 perator
332 1950 415 2047 ipse
440 1953 486 2021 de
504 1949 638 2046 Apulia
665 1959 754 2021 tunc
779 1949 881 2021 venit
900 1952 1081 2046 Capuam,
1110 1947 1249 2021 atinde

155 2076 225 2148 per
243 2051 422 2126 Sanctum
442 2049 673 2118 Germanum
702 2059 739 2119 et
757 2073 825 2144 per
841 2049 1027 2144 Aquinum
1049 2049 1251 2143 transienS‚

155 2151 258 2221 vadit
274 2150 320 2219 ad
340 2148 536 2220 Civitatem
555 2171 707 2243 novam,
734 2148 794 2219 ubi
819 2173 887 2244 per
911 2149 991 2221 dies
1015 2149 1155 2245 aliquot
1173 2173 1250 2218 mo-

157 2273 239 2320 ram
264 2247 421 2343 faciens,
448 2271 582 2320 versus
610 2247 743 2320 Soram
767 2248 880 2344 vadit
909 2259 946 2321 et
972 2249 1057 2321 inde
1085 2247 1252 2345 procedit

158 2351 194 2422 in
222 2347 413 2443 lllarsiam⁷
441 2347 500 2420 ubi
529 2358 619 2445 aput
642 2350 860 2420 Avezanum
888 2363 956 2446 per
983 2359 1099 2421 totum
1126 2349 1250 2445 ipsum

159 2473 330 2524 mensem
351 2447 443 2520 lunii
463 2458 630 2520 moratus
651 2458 718 2521 est.

233 2552 366 2623 Mense
394 2549 473 2621 lulii
502 2549 707 2646 imperator
736 2560 966 2645 congregato
1000 2549 1163 2622 exercitu
1195 2573 1253 2620 co·

62 2733 72 2750 ⁴
159 2653 265 2750 pioso
286 2675 400 2749 super
417 2651 556 2722 Urbem
575 2649 687 2745 vadit,
716 2659 753 2722 et
777 2649 953 2722 hostilem
972 2649 1116 2724 faciens
1135 2650 1172 2720 in
1193 2673 1253 2721 ex-

159 2752 358 2826 terioribus
378 2751 593 2822 vastitatem

236 2875 369 2924 mense
388 2851 548 2948 Augusti
567 2851 603 2922 in
624 2874 784 2947 regnum
804 2873 980 2922 reversus
1002 2860 1070 2923 est.

234 2954 286 3025 Eo
308 2975 440 3024 mense
457 2953 561 3025 Oddo
579 2951 775 3024 cardinalis
790 2951 981 3046 liberatur⁷
1001 2962 1038 3024 et
1053 2950 1254 3048 episcopus

160 3053 403 3127 Prenestinus
424 3077 510 3126 cum
529 3053 711 3150 magistro
731 3053 897 3126 Iohanne
913 3054 1092 3126 Toletano
1113 3050 1255 3124 reducti

161 3180 181 3226 a
201 3155 359 3251 'lybure⁷
377 3155 414 3226 in
434 3179 544 3228 rocca
565 3154 654 3251 lani,
674 3179 746 3253 que
766 3165 824 3228 est
840 3175 955 3252 super
969 3155 1148 3228 Sanctum
1164 3152 1254 3225 Ger-

162 3255 1255 3352 manum„servanditradunturPlrilippodeSanctolllagno

162 3363 251 3422 tunc
278 3354 505 3446 castellano‚
541 3358 684 3425 duobus
717 3357 957 3450 postmodum
983 3355 1183 3427 baronibus
1210 3357 1254 3426 ad

164 3474 294 3522 eorum
315 3453 523 3524 custodiam
542 3453 739 3550 deputatis

238 3551 324 3649 Ipso
342 3553 645 3649 mense'Augusti
665 3553 870 3650 imperator
888 3563 975 3624 ante
995 3577 1190 3627 recessum
1211 3558 1256 3627 ab

164 3651 356 3725 obsidione
382 3651 490 3725 Urbis
517 3662 679 3725 statuam
706 3651 869 3724 hominis
896 3676 1025 3724 eream
1046 3666 1083 3728 et
1102 3679 1255 3727 vaccam

165 3776 291 3829 ercam
319 3752 506 3848 similiter,
542 3777 614 3850 que
640 3753 700 3825 diu
732 3763 916 3825 steterant
947 3756 1046 3850 apud
1078 3755 1255 3828 Sanctam

162 3853 319 3926 Mariam
339 3856 384 3926 de
401 3851 525 3950 Cripta
545 3854 683 3925 ferrata
703 3864 738 3924 et
756 3877 892 3950 aquam
906 3877 976 3951 por
991 3879 1057 3926 sua
1073 3855 1254 3926 foramina

164 3955 364 4028 artificiose
396 3954 618 4047 fundebant,
653 3953 690 4024 in
722 3976 882 4050 regnum
915 3958 1012 4050 apud
1044 3954 1256 4048 Luceriam,
1381 4019 1384 4026 .

162 4056 295 4168 Apulie
323 4053 534 4150 civitatem,
571 4053 631 4127 ubi
659 4054 858 4127 Sarraceni
883 4057 1087 4151 degebant,
1115 4055 1254 4152 portari

164 4160 368 4330 ¹Ubelllense
397 4255 629 4355 Septembris
657 4279 786 4330 comes
814 4255 1024 4328 Tolosanus
1050 4263 1139 4353 aput
1166 4254 1254 4327 lllel·

960 4362 999 4430 11
