3352 5026
600 437 640 508 Α.
673 439 777 512 1232.
1170 441 1239 510 117

145 643 289 715 habens
305 643 351 713 ab
367 662 440 710 uno
455 638 572 708 latere
588 647 699 734 caput
714 637 876 709 bominis
893 661 976 709 cum
995 637 1241 734 mediolane,

148 755 183 815 et
203 747 248 815 ab
268 742 339 812 alio
360 739 534 836 aquilam.

221 839 475 914 viterbienses
492 849 655 910 castrum
669 841 855 935 quoddam
868 842 964 936 quod
975 838 1239 911 Vetorclanum

147 943 292 1036 dicitur‚
318 943 415 1038 quod
435 939 593 1011 Romani
612 943 802 1036 tenebant
829 940 1029 1037 proditorie
1057 950 1242 1038 occupant

149 1053 186 1116 et
205 1051 390 1136 evertunt,
410 1040 629 1137 quibusdam
651 1040 710 1137 qui
732 1052 933 1113 evaserant
951 1045 995 1114 de
1016 1051 1139 1115 castro
1159 1041 1241 1139 ipso

149 1143 428 1215 conferentibus
458 1165 499 1214 se
529 1145 574 1213 ad
598 1143 756 1238 Urbem,
793 1142 876 1214 aliis
902 1141 1104 1215 Viterbium
1138 1141 1242 1215 sece-

148 1243 331 1315 dentibus,

222 1345 353 1416 Mense
372 1341 450 1414 lulii
470 1341 675 1437 Gregorius
695 1367 791 1440 papa
812 1342 906 1414 redit
920 1343 1049 1414 Reate.
1082 1343 1240 1414 Romani

148 1445 185 1516 in
212 1445 336 1516 odium
365 1467 462 1540 pape
488 1442 641 1514 veniunt
661 1467 779 1539 usque
799 1445 843 1514 ad
863 1443 1029 1514 Montem
1049 1442 1240 1514 Fortinum

148 1545 286 1616 intrare
306 1543 549 1641 Campaniam
580 1542 845 1639 disponentes3
881 1546 925 1614 ad
959 1568 1053 1642 quos
1084 1554 1163 1616 tres
1196 1567 1242 1616 ex

148 1655 254 1742 parte
275 1668 371 1742 pape
391 1644 585 1716 venientes
606 1643 828 1739 cardinales,
849 1643 945 1715 facta
966 1667 1051 1716 cum
1070 1645 1124 1716 eis
1141 1667 1240 1716 com·

149 1745 334 1843 positione
355 1769 422 1842 per
439 1745 692 1817 interventum
712 1743 885 1841 pecunie,
912 1745 1070 1818 Romam
1097 1745 1241 1818 reversi

149 1857 246 1918 sunt.

223 1946 433 2043 Roggerius
460 1949 505 2018 de
523 1946 655 2042 Aquila
674 1945 874 2018 Fundanus
900 1971 1030 2019 comes
1049 1945 1152 2043 obiit,
1180 1943 1241 2042 qui

148 2047 315 2120 habitum
336 2046 547 2143 suscipiens
566 2046 843 2140 monachalem,
872 2051 968 2142 apud
994 2049 1152 2120 Fossam
1177 2070 1241 2116 no-

149 2172 235 2218 vam
256 2146 406 2243 sepeliri
428 2145 551 2241 elegit.
584 2146 739 2216 Terram
758 2145 889 2242 ipsius,
908 2147 1080 2220 videlicet
1093 2147 1240 2218 Fundos

148 2247 361 2318 Traiectum
381 2255 419 2318 et
436 2246 607 2341 Sugium7
634 2245 749 2342 recipi
776 2249 820 2317 ad
840 2271 935 2342 opus
956 2271 1066 2320 suum
1086 2245 1243 2344 precipit

150 2347 355 2444 imperator
380 2369 449 2443 per
474 2347 676 2417 Hectorem
700 2347 745 2417 de
765 2346 891 2418 Monte
909 2347 1067 2420 Fuscolo
1087 2345 1241 2420 iustitia·

149 2448 245 2519 rium
278 2458 315 2520 et
344 2471 413 2544 per
439 2447 650 2544 Philippum
679 2448 725 2518 de
753 2445 863 2520 Citro.
917 2449 1116 2544 Gyffredus
1143 2446 1241 2519 lilius

149 2548 295 2621 comitis
323 2547 440 2645 ipsius
468 2550 513 2622 ad
538 2571 676 2644 papam
705 2571 746 2619 sc
775 2549 940 2645 contulit⁷
967 2561 1069 2622 turre
1094 2549 1172 2622 Ytri
1199 2571 1241 2620 se

149 2659 302 2722 tenente
322 2671 388 2747 pro
409 2648 505 2746 ipso,
531 2672 603 2744 que
631 2650 783 2720 tandem
803 2649 923 2722 studio
943 2649 1102 2748 Philippi
1120 2653 1166 2723 de
1186 2648 1242 2724 cu

149 2751 269 2820 troad
291 2774 386 2846 opus
405 2748 641 2846 imperatoris
662 2758 814 2846 recepta
841 2759 908 2821 est.
948 2751 1241 2847 Imperatorpro

151 2873 331 2922 succursu
349 2850 507 2922 civitatis
522 2849 763 2946 Acconitane7
784 2875 894 2946 quam
910 2850 1097 2923 lohannes
1113 2853 1157 2922 de
1172 2850 1241 2922 Ba·

149 2951 241 3024 ruch
268 2961 488 3049 occupatam
514 2955 678 3045 tenebat,
706 2961 811 3048 parte
840 2950 998 3024 civitatis
1028 2976 1070 3024 se
1089 2975 1156 3050 pro
1175 2951 1242 3022 im·

149 3062 321 3150 peratore
347 3064 518 3148 tenente,
553 3052 755 3126 exercitum
785 3064 992 3150 congregat
1018 3053 1175 3125 militum
1206 3060 1243 3124 et

150 3158 341 3226 baronum.

224 3255 354 3325 lllense
382 3255 540 3349 Augusti
569 3255 775 3350 Gregorius
804 3279 899 3351 papa
931 3254 968 3324 in
996 3254 1240 3350 Campaniam

150 3352 257 3447 redit,
284 3363 322 3424 et
340 3365 429 3450 aput
447 3353 655 3449 anagniam
675 3354 814 3424 festum
835 3354 999 3425 celebrat
1017 3353 1242 3451 assumptio-

151 3449 208 3522 nis
227 3455 336 3524 beate
354 3452 527 3549 Virginis.
572 3505 576 3509 -

225 3553 434 3650 Imperator
452 3563 723 3650 congregatum
743 3553 940 3626 Brundusii
960 3552 1241 3650 exercitum're·

151 3663 272 3744 vocat,
292 3663 328 3724 et
346 3653 429 3749 ipso
450 3657 649 3726 mandante
669 3655 822 3752 quilibet
840 3654 981 3728 suntin
1001 3678 1069 3728 sua
1085 3652 1241 3726 reversi.

57 3754 60 3759 ’
225 3753 264 3825 ln
279 3752 403 3826 Sicilia
419 3765 508 3852 aput
521 3755 737 3827 Messanam
758 3767 886 3828 contra
900 3755 1167 3854 imperatorem
1184 3778 1241 3850 se·

150 3853 237 3926 ditio
262 3865 340 3926 orta
363 3865 421 3928 est
440 3854 639 3928 occasione
659 3857 836 3950 Ryccardi
856 3860 901 3929 de
919 3857 1155 3953 lllontenigro
1173 3877 1243 3952 per

150 3953 418 4053 imperatorem
451 3955 636 4028 iustitiarii
667 3955 704 4026 in
732 3956 855 4030 Sicilia
884 3957 1094 4051 constituti,
1128 3979 1240 4053 quem

151 4054 256 4132 cives
272 4057 445 4132 dicebant
464 4067 593 4130 contra
613 4080 742 4128 eorum
762 4057 887 4130 facere
905 4057 1126 4130 libertatem.

224 4157 443 4232 Decretales
472 4157 709 4255 corriguntur
735 4182 755 4228 a
783 4157 965 4256 Gregorio
992 4181 1112 4256 papa,
1139 4179 1239 4230 rese·

152 4261 268 4331 cando
288 4258 478 4358 superflua
498 4271 535 4334 et
553 4259 654 4332 utilia
673 4259 877 4333 retinendo.
