3352 5026
424 389 473 458 88
626 381 907 456 RYCCARDUS
935 381 996 454 DE
1025 382 1060 455 S.
1090 383 1319 457 GERMANO

425 595 514 682 aput
539 584 724 702 Aquinum
750 583 904 656 veniunt
930 607 974 654 ex
1001 593 1107 680 parte
1136 595 1290 655 senatus
1315 585 1519 683 populique

424 685 600 779 Romani·
626 657 710 756 cuni
731 709 803 782 quo
825 707 969 756 moram
989 707 1057 781 per
1074 684 1236 756 triduum
1255 687 1452 783 facientes,
1472 691 1519 760 ad

425 787 562 859 Urbem
581 786 724 857 reversi
745 796 841 856 sunt.

499 887 655 958 Tuncet
657 886 730 958 iam
745 885 849 957 iussu
866 885 1102 982 imperatoris
1117 909 1184 982 pro
1201 885 1403 958 munienda
1419 898 1520 959 terra

402 987 552 1060 'Sancti
572 987 763 1080 Germani,
792 989 888 1082 quod
917 985 1089 1057 homines
1117 997 1216 1057 terre
1243 986 1360 1082 ipsius
1387 993 1432 1060 ab
1452 988 1520 1058 im-

344 1175 345 1178 ,
426 1099 599 1186 peratore
628 1087 832 1183 petierunt,
869 1087 1001 1158 domus
1030 1086 1207 1156 nonnulle
1236 1087 1322 1158 binc
1353 1088 1437 1160 inde
1472 1113 1519 1160 ex

426 1199 531 1286 parte
551 1187 702 1261 Corarie
722 1196 759 1258 et
776 1185 890 1258 Vallis
911 1187 1075 1259 funditus
1094 1187 1298 1258 diruuntur.

500 1289 708 1385 Imperator
734 1291 779 1360 de
805 1288 949 1384 Aquino
977 1286 1110 1359 Soram
1139 1311 1181 1358 se
1211 1287 1377 1382 contulit,
1404 1313 1519 1385 quarn

426 1389 503 1462 suis
530 1389 615 1460 licet
642 1389 825 1484 imparem
851 1389 988 1460 viribus
1018 1387 1262 1480 renitentem,
1295 1413 1329 1458 vr
1359 1389 1518 1486 ceptro.

425 1499 548 1563 stante
559 1489 729 1562 Octobris
744 1489 781 1559 in
796 1489 892 1560 festo
909 1489 1164 1585 apostolorum
1175 1487 1349 1581 Symonis
1366 1501 1402 1561 et
1417 1490 1520 1581 lude,

426 1602 464 1663 et
481 1592 578 1662 facta
600 1601 658 1662 est
677 1589 780 1661 cibus
800 1589 911 1685 ignis,
939 1589 1141 1686 Campanis
1170 1587 1359 1683 militibus,
1387 1591 1447 1686 qui
1473 1593 1518 1662 ad

425 1691 584 1764 civitatis
599 1689 717 1786 ipsius
733 1645 929 1762 defensam
945 1690 1162 1786 congregati
1178 1689 1368 1761 fuerant
1312 1701 1395 1784 t,m
1411 1692 1521 1764 Cam-

426 1793 575 1906 paniam
601 1791 827 1887 fugientibus
855 1813 923 1886 per
949 1800 1141 1886 montana,
1169 1745 1356 1862 nonnullis
1382 1792 1519 1862 civium

426 1895 513 1989 igne
540 1892 714 1986 ferroque
740 1891 957 1988 peremptis.
1010 1891 1127 1964 Sora·
1152 1889 1187 1960 vi
1214 1891 1358 1988 capitur
1377 1903 1413 1964 et
1432 1916 1520 1964 con-

426 2003 624 2065 cremat.ur
661 1995 818 2063 Versus:

532 2094 568 2164 Vi
586 2095 737 2186 caperis,
765 2095 798 2163 ni
817 2099 926 2185 nupto
943 2095 1050 2185 peris,
1078 2093 1165 2162 trieri
1167 2097 1202 2162 to
1217 2095 1297 2186 peri
1299 2099 1388 2163 turn.

527 2195 622 2266 Sora
643 2195 727 2286 ruis,
755 2201 818 2263 tun
837 2193 997 2285 dompno
1017 2193 1095 2284 luia,
1123 2216 1204 2263 soro
1224 2193 1394 2264 reditura.

501 2312 574 2381 Arx
588 2319 717 2382 tamen
733 2310 876 2383 Sorelle
893 2335 934 2382 se
953 2313 996 2380 ad
1018 2334 1112 2406 opus
1131 2297 1235 2382 t'enet
1254 2311 1392 2382 domini
1408 2335 1519 2408 pape.

500 2411 604 2481 Tunc
618 2435 641 2480 a
651 2409 802 2482 Taffuro
819 2411 1023 2482 castellano
1039 2434 1147 2482 rocce
1159 2411 1346 2483 Guilielmi
1360 2412 1520 2484 traditus

352 2534 366 2602 j
395 2513 399 2518 ’
425 2513 461 2582 in
478 2534 612 2582 manus
628 2509 864 2608 imperatoris
876 2511 1097 2583 Gnilielmns
1113 2515 1157 2583 de
1170 2512 1261 2584 Sora
1275 2537 1359 2582 cum
1371 2513 1521 2609 quibus-

426 2615 513 2685 dam
533 2610 627 2707 aliis,
656 2635 867 2710 suspensus
889 2622 947 2684 est
965 2623 1067 2682 extra
1088 2613 1232 2683 Soram.

501 2714 709 2810 Imperator
720 2737 852 2785 mense
863 2711 1083 2786 Novembris
1098 2737 1166 2808 per
1179 2712 1344 2785 lnsulam
1355 2711 1519 2786 liliorum

427 2814 523 2886 Petri
543 2814 638 2885 redit
655 2813 854 2912 Aquinum,
883 2812 942 2886 ubi
961 2813 1059 2885 diem
1080 2813 1217 2886 festum
1239 2814 1402 2887 celebrat
1421 2817 1530 2887 beati·

426 2913 583 2986 Martini.

502 3031 682 3128 Magister
706 3036 839 3105 domus
858 3033 1153 3105 Alamannorum
1181 3059 1200 3104 a
1231 3057 1325 3131 papa
1353 3033 1519 3128 redienS,

425 3135 523 3205 letos
549 3135 595 3204 ad
622 3133 888 3230 imperatorem
915 3159 1086 3207 rumores
1116 3135 1235 3207 defert
1262 3137 1306 3207 de
1334 3135 1521 3232 composi·

426 3233 527 3306 tione
553 3233 649 3306 inter
677 3259 812 3334 papam
843 3245 879 3306 et
906 3234 1039 3332 ipsum.
1090 3235 1190 3307 ldem
1212 3259 1361 3332 quoque
1380 3238 1519 3306 domno

426 3335 867 3433 ThomedeCapuatituli
878 3335 1015 3408 Sancte
1025 3335 1391 3432 Sabinepresbytero
1404 3338 1521 3408 cardi·

428 3437 500 3508 nali
519 3436 666 3510 obviam
684 3437 719 3508 in
736 3437 941 3534 Campania
960 3436 1073 3530 vadit,
1093 3461 1178 3507 cum
1198 3461 1270 3533 quo
1290 3439 1335 3507 ad
1356 3435 1518 3532 impera-

426 3549 546 3610 torem
562 3537 665 3610 venit
678 3538 863 3633 Aquinum
880 3560 964 3608 cum
980 3537 1101 3608 forma
1116 3537 1326 3631 concordie,
1346 3541 1379 3609 l.
1394 3547 1519 3609 stante

426 3639 559 3710 mense
578 3636 813 3732 Novembris,
838 3647 874 3708 et
893 3640 1026 3710 eodem
1047 3637 1208 3708 dierum
1229 3639 1310 3735 ipso
1331 3637 1520 3710 cardinale

426 3765 468 3813 se
489 3739 641 3812 contulit
661 3749 748 3835 aput
768 3739 946 3811 Sanctum
966 3739 1208 3810 Germanum.

500 3860 554 3930 De
573 3857 754 3928 Romania
775 3856 923 3953 quidam
940 3857 1048 3930 Greci
1069 3881 1153 3929 oum
1175 3855 1400 3928 dextrariis
1390 3881 1426 3927 m
1448 3857 1522 3929 sel·

424 3959 469 4032 lis
499 3970 536 4032 et
561 3957 675 4030 frenis
703 3957 827 4030 aureis
862 3969 899 4030 et
922 3983 1005 4030 cum
1016 3958 1159 4070 pannis
1181 3957 1310 4030 sericis
1331 3981 1421 4028 auro
1440 3967 1522 4029 tex-

424 4060 486 4157 tis,
514 4070 551 4131 et
578 4082 662 4130 cum
689 4058 894 4132 innumeris
921 4059 1045 4131 aureis
1066 4059 1243 4152 nummis,
1271 4083 1343 4156 que
1362 4057 1433 4156 ipsi
1452 4058 1523 4130 im·

425 4229 448 4294 a)
468 4229 532 4284 toea
551 4233 687 4299 scalpturis
705 4245 784 4284 manu
801 4235 828 4286 in
847 4233 965 4299 morulae
984 4231 1111 4284 labemur
1130 4233 1237 4284 codicis.
