3352 5026
459 411 529 480 148
656 403 938 479 RYCCARDUS
965 403 1026 476 DE
1055 402 1091 475 S.
1119 402 1349 476 GERMANO

453 605 623 702 discedit,
645 629 762 702 seque
790 605 935 676 confert
953 604 990 674 in
1009 603 1241 676 Prenestino.
1290 602 1545 675 lllontieellum

455 717 492 778 et
502 708 658 778 Pontem
668 707 862 792 Lucanum
876 715 1003 776 contra
1016 705 1205 776 Romanos
1221 703 1354 800 recipit
1367 703 1404 774 in
1420 703 1545 776 odium

452 831 561 904 pape.
591 809 646 879 Ad
666 804 816 904 quem59
834 805 1039 903 imperator
1058 804 1195 877 milites
1216 814 1254 876 et
1272 804 1484 876 servientes
1500 807 1545 876 de

453 931 571 1004 regno
590 907 711 979 mittit.

427 1085 428 1088 Ἴ
527 1008 716 1079 Mattheus
736 1007 882 1078 Russus
907 1029 975 1103 per
994 1005 1217 1102 Gregorium
1237 1029 1373 1102 papam
1395 1015 1547 1076 senator

453 1105 632 1202 efficitur3
669 1106 731 1204 qui
759 1109 857 1204 apud
882 1107 1109 1202 Lagustam,
1146 1129 1259 1201 quam
1284 1107 1472 1178 lohannes
1500 1109 1545 1178 de

453 1209 661 1305 Columpna
672 1207 889 1278 firmaverat
901 1217 938 1279 et
951 1209 1181 1302 tenebatper
1193 1230 1296 1303 suos,
1312 1206 1545 1280 obsidionem

452 1309 566 1405 ponit.
613 1337 616 1344 ·

271 1435 273 1439 ’
393 1468 397 1474 .
479 1410 657 1481 *Mense
684 1407 843 1504 Augusti
871 1406 1077 1504 imperator
1103 1405 1234 1504 recipit
1262 1405 1451 1478 civitatem
1477 1407 1544 1500 Ty·

451 1508 657 1604 burtinam,
691 1519 728 1580 et
754 1510 887 1580 exinde
916 1532 1049 1581 versus
1078 1509 1215 1580 Urbem
1242 1506 1359 1601 vadit5
1395 1518 1431 1578 et
1455 1517 1545 1579 tunc

451 1620 617 1681 castrum
642 1611 827 1706 quoddam
848 1610 945 1704 quod
965 1609 1096 1681 dicitur
1114 1609 1221 1680 lllons
1239 1608 1418 1702 Albanus,
1446 1611 1543 1704 quod

451 1721 530 1781 erat
557 1709 685 1782 Sancti
711 1709 814 1781 Pauli
845 1711 890 1790 de
916 1709 1033 1802 Urbe,
1070 1707 1106 1779 vi
1138 1708 1237 1805 cepit
1268 1719 1306 1779 et
1336 1709 1424 1804 igne
1457 1732 1543 1779 con-

449 1810 629 1906 sumpsit3
657 1819 781 1880 castra
802 1809 914 1880 etiam
934 1811 1095 1904 quedam
1112 1809 1303 1881 Farfensis
1324 1809 1543 1881 monasterii

448 1920 608 2006 occupat
635 1921 672 1981 et
697 1909 868 1981 divastat.
908 1909 1077 2004 Burgum
1105 1933 1245 1980 novum
1273 1912 1464 1982 desertum
1490 1910 1543 1980 in-

449 2009 540 2082 colis
568 2009 655 2106 igne
681 2020 880 2081 crematur.
923 2010 1132 2107 Imperator
1155 2009 1237 2106 ipse
1257 2013 1353 2107 apud
1374 2010 1541 2107 Criptam
1655 2057 1656 2086 3

448 2111 626 2183 ferratam
644 2111 748 2210 ponit
768 2120 892 2182 castra
911 2134 993 2206 sua,
1020 2122 1056 2181 et
1078 2110 1115 2181 in
1136 2111 1381 2183 exterioribus
1403 2112 1540 2182 Urbem

447 2211 627 2307 divastat‚
667 2221 704 2283 et
739 2221 827 2282 tunc
859 2213 904 2282 de
937 2211 1117 2306 Gregorio
1150 2235 1248 2308 papa
1279 2214 1375 2308 quod
1409 2211 1541 2284 obierit
1655 2233 1656 2276 3

447 2313 565 2384 Rome
585 2315 643 2387 21.
661 2311 834 2407 Augusti,
860 2335 928 2408 pro
949 2321 1051 2383 certo
1070 2311 1228 2408 accepit,
1256 2313 1301 2382 de
1328 2309 1474 2383 cuius⁶⁰
1499 2311 1540 2383 li·

446 2413 569 2486 centia
596 2411 804 2484 cardinales
833 2435 966 2483 omnes
996 2411 1058 2508 qui
1085 2422 1189 2484 extra
1215 2413 1351 2485 Urbem
1378 2413 1539 2509 fuerant,

444 2538 511 2610 pro
532 2513 715 2585 electione
735 2537 832 2610 pape
851 2511 1023 2584 facienda
1041 2513 1087 2583 ad
1106 2513 1245 2585 Urbem
1264 2515 1433 2585 redeunt.
1587 2519 1590 2528 '

518 2615 660 2686 Eodem
685 2637 819 2686 mense
840 2613 1000 2710 Augusti
1026 2612 1132 2686 iussu
1157 2613 1395 2711 imperatoris
1413 2623 1539 2685 vasta·
1655 2615 1656 2682 l

298 2717 328 2728 κ
444 2725 546 2788 tores
574 2717 620 2786 de
647 2738 765 2810 regno
785 2725 874 2811 aput
892 2713 1056 2786 lnsulam
1076 2713 1199 2810 pontis
1220 2714 1372 2786 solarati
1392 2725 1429 2786 et
1447 2724 1539 2811 aput

444 2815 624 2888 Sanctum
649 2817 858 2888 Iohannem
886 2816 932 2886 de
956 2814 1136 2910 lncarico‚
1163 2825 1202 2886 ut
1219 2813 1360 2887 intrent
1378 2814 1537 2911 Campa·
1655 2817 1656 2882 t

442 2915 543 2987 niam
564 2926 852 3012 congregantur.
889 2915 1105 2987 Cardinales
1126 2914 1186 3011 qui
1205 2914 1243 2986 in
1257 2916 1354 2988 Urbe
1373 2917 1420 2986 ad
1437 2939 1536 3012 pape
1655 2947 1656 2996 3

444 3016 666 3087 electionem
686 3025 954 3110 convenerant,
973 3039 1041 3112 per
1060 3025 1277 3088 senatorem
1293 3026 1330 3088 et
1342 3016 1534 3089 Romanos
1655 3039 1656 3072 t

442 3117 538 3212 apud
551 3114 790 3212 Septisolium
801 3115 1053 3212 includuntur,
1068 3125 1108 3187 ut
1121 3117 1167 3187 ad
1182 3119 1384 3189 creandum
1395 3141 1535 3215 papam
1655 3205 1656 3210 ἵ

442 3214 546 3286 inviti
563 3218 778 3312 procedant.
1655 3279 1656 3312 3

514 3316 703 3388 Mattheus
724 3317 871 3390 Russus
890 3315 999 3390 Urbis
1019 3327 1172 3389 senator
1188 3317 1394 3414 Lagustam
1412 3317 1447 3388 vi
1463 3318 1535 3390 Ro·
1655 3319 1656 3384 3

440 3439 639 3489 manorum
671 3417 839 3514 optinuit.
904 3417 1088 3490 Thesauri
1120 3441 1252 3490 omnes
1286 3418 1534 3491 ecclesiarum
1655 3423 1656 3506 i

439 3516 547 3614 regni
572 3543 593 3590 a
618 3528 724 3616 porta
743 3517 872 3590 Roseti
890 3541 1010 3612 usque
1029 3521 1074 3590 ad
1094 3515 1189 3590 fines
1210 3519 1316 3615 regni
1336 3519 1442 3592 iussu
1459 3521 1535 3590 An·

439 3620 552 3690 dree³
580 3621 624 3691 de
644 3619 767 3691 Cicala
788 3617 974 3714 capitanei
993 3627 1082 3715 aput
1100 3618 1279 3696 Sanctum
1299 3620 1535 3691 Germanum

438 3718 475 3788 in
495 3719 656 3792 ecelesia
676 3729 805 3792 sancte
820 3717 938 3790 Maria
952 3728 1052 3790 terre
1067 3717 1236 3790 eiusdem
1252 3729 1535 3816 congregantur

438 3829 476 3890 et
499 3830 751 3917 reponuntur5
779 3841 937 3917 quorum
964 3817 1131 3891 custodie
1150 3819 1315 3917 deputati
1335 3829 1424 3892 sunt
1442 3823 1534 3896 duo·

437 3919 557 3992 decim
584 3923 630 3993 de
659 3919 849 3992 ditioribus
877 3930 915 3990 et
941 3918 1157 3992 melioribus
1177 3917 1392 3994 hominibus
1409 3920 1533 4019 ipsius

435 4030 546 4092 terre.
598 4023 643 4094 Et
666 4031 755 4093 tunc
781 4020 906 4092 tabula
923 4044 1045 4110 ,aurea
1073 4045 1145 4117 que
1173 4033 1259 4094 ante
1285 4021 1402 4094 altare
1430 4022 1533 4094 beati
1612 4071 1619 4078 -

436 4161 450 4195 a
507 4149 558 4196 ni
593 4186 599 4199 .

436 4143 627 4309 hllllslliliiet
651 4236 885 4322 lohannem'de
909 4237 1093 4318 Columpna.
1178 4237 1229 4315 60)
1252 4237 1463 4319 imperatoris.
