3352 5026
417 399 464 470 76
619 393 900 466 RYCCARDUS
927 394 988 466 DE
1016 394 1051 466 S.
1081 393 1310 468 Germano

416 598 594 668 cedentes
615 595 711 688 inde,
740 593 1024 666 Presentianum
1045 593 1228 690 optinent,
1254 593 1454 666 Venafrum
1475 602 1516 666 et

415 696 546 770 Sernia
569 719 635 791 per
654 695 804 766 nuntios
825 719 867 766 se
887 693 955 766 sibi
975 697 1142 766 reddunt.
1191 696 1342 768 Pretam
1363 717 1513 791 quoque

418 821 483 895 per
508 797 581 866 vim
612 795 782 892 optinent
818 805 855 867 et
884 797 1115 890 Vayranump
1151 819 1196 866 ac
1225 805 1340 866 lotam
1370 805 1512 866 terram

414 897 575 970 liliorum
605 894 772 968 Pandulli
799 919 920 992 usque
949 895 1118 990 Calvum7
1146 899 1242 991 quod
1266 895 1437 967 similiter
1454 919 1513 967 re·

415 997 556 1096 cipiunt
581 999 625 1068 ad
652 1020 747 1093 opus
777 995 948 1067 ecclesie.
998 995 1112 1066 Teani
1142 1019 1288 1068 necnon
1316 995 1446 1068 civitas
1474 1005 1514 1066 et

343 1185 344 1188 Ἴ
415 1099 597 1174 Calenum
630 1097 785 1168 veniunt
816 1098 861 1167 ad
895 1096 1110 1167 mandatum
1145 1121 1252 1192 pape.
1307 1097 1411 1168 l‘unc
1441 1119 1514 1192 per

415 1197 682 1272 Francolisium
704 1197 772 1268 iter
790 1198 934 1269 habens
950 1196 1149 1290 exercitus
1168 1197 1350 1269 Suessam
1367 1220 1408 1268 se
1424 1220 1512 1268 con·

414 1300 498 1372 tulit
522 1297 590 1370 sibi
620 1321 685 1392 pro
710 1297 782 1370 fide
811 1297 953 1369 cesaris
973 1297 1236 1386 resistentem
1264 1323 1376 1394 quam
1396 1297 1511 1394 longa

417 1399 508 1472 satis
536 1397 728 1471 obsidione
758 1408 940 1469 arctatam
967 1421 1051 1468 cum
1079 1397 1153 1468 iam
1180 1397 1281 1470 cives
1302 1398 1513 1494 inciperent

342 1586 346 1596 Ι
416 1501 499 1572 sitis
518 1499 694 1595 squalore
712 1498 888 1584 delicere,
914 1522 987 1568 non
1012 1509 1188 1569 curantes
1209 1501 1382 1570 arborum
1403 1511 1441 1572 et
1459 1497 1511 1568 vi-

414 1601 507 1672 tium
535 1598 759 1693 incisiones7
793 1639 836 1652 -·
871 1598 956 1669 illuc
988 1598 1087 1669 enim
1121 1608 1277 1670 venerat
1302 1600 1510 1696 apostolice

416 1701 517 1773 sedis
536 1701 684 1794 legatus
705 1698 878 1794 Pelagius
897 1699 1122 1770 Albanensis
1141 1699 1342 1796 episcopus
1358 1743 1403 1756 -
1424 1700 1510 1774 civi-

415 1810 531 1872 tatem
562 1799 682 1895 ipsam
712 1799 896 1895 recipiunt
923 1801 969 1870 ad
1001 1823 1096 1895 opus
1133 1825 1253 1896 pape,
1289 1825 1436 1873 necnon
1473 1811 1512 1873 et

416 1900 627 1993 castellum,
647 1901 743 1996 quod
764 1899 909 1970 munire
929 1899 1178 1972 servientibus
1199 1913 1444 1997 curaverunt3
1473 1912 1512 1973 et

416 2003 665 2098 procedentes
693 1999 792 2088 inde,
819 2023 953 2072 versus
976 2023 1126 2072 roccam
1145 2001 1327 2074 Draconis
1347 2003 1511 2099 dirigunt

416 2125 573 2199 gressus
593 2124 695 2172 suos.
728 2100 847 2187 Quam
869 2100 1131 2198 circumposita
1152 2101 1345 2176 obsidione
1364 2113 1511 2174 arctan-

414 2213 488 2298 tes7
514 2201 600 2274 villa
625 2201 727 2298 prius
747 2200 910 2272 inferiori
930 2211 1095 2298 optenta,
1124 2212 1161 2274 et
1189 2227 1261 2274 una
1281 2207 1326 2276 de
1344 2203 1511 2276 turribus

416 2303 577 2400 pervim
598 2311 707 2398 capta
740 2311 800 2372 et⁸
826 2301 925 2373 diros
951 2302 1125 2398 insultus,
1152 2303 1250 2375 lacta
1271 2328 1356 2376 cum
1376 2304 1509 2378 castel-

292 2419 293 2422 ’
416 2405 501 2475 lano
522 2401 794 2498 compositione
814 2424 962 2472 roccam
981 2403 1104 2498 ipsam
1123 2404 1371 2478 obtinuerunt.
1405 2406 1511 2477 Tunc

415 2503 587 2576 Gaietani
603 2526 689 2573 cum
705 2501 909 2574 castellano
922 2502 1064 2574 castelli
1076 2517 1361 2602 componentes7
1377 2505 1511 2578 castel-

342 2619 346 2627 '
414 2605 491 2676 lum
518 2602 703 2700 recipiunt
730 2604 776 2674 ad
800 2625 935 2674 manus
960 2627 1061 2676 suas.
1114 2606 1159 2676 Et
1189 2615 1279 2678 tunc
1309 2632 1377 2703 per
1400 2608 1510 2680 Alba-

416 2727 576 2776 nensem
592 2703 811 2800 episcopum
828 2703 1094 2775 Gaietanorum
1111 2705 1253 2801 civitas,
1273 2707 1358 2804 quia
1374 2731 1511 2805 parere

417 2806 547 2877 nolunt
567 2804 741 2896 ecclesiea
769 2803 991 2900 supponitur
1018 2803 1223 2878 interdicto.
1260 2808 1364 2881 Tunc
1382 2808 1511 2904 etiam⁷

416 2907 498 3003 ipso
514 2906 639 3000 legato
653 2905 869 2998 mandante7
883 2903 980 2976 dicto
996 2904 1192 2978 Casinensi
1207 2909 1329 2981 abbati
1344 2919 1511 2983 castrum

416 3005 624 3078 restituitur
641 3003 892 3076 Pedemontis.

437 3124 439 3129 ’
492 3103 648 3177 Predicti
667 3103 801 3200 Aquini
830 3104 969 3176 domini
993 3105 1196 3179 Pandulfus
1225 3119 1262 3180 et
1286 3110 1512 3204 Robbertus⁷

417 3205 566 3276 civitate
584 3203 718 3301 Aquini
736 3204 865 3276 relicta
886 3229 927 3278 se
947 3209 1114 3302 Capuam
1136 3209 1346 3306 conferunt³
1373 3211 1510 3284 ibidem

416 3329 489 3378 una
519 3329 603 3376 cum
632 3303 813 3402 magistro
839 3305 1035 3379 justitiario
1062 3317 1099 3380 et
1116 3308 1280 3402 Nycolao
1306 3313 1352 3382 de
1371 3311 1512 3408 Cicala‚

415 3405 478 3504 qui
499 3416 605 3478 erant
623 3404 659 3476 in
680 3429 738 3499 ea2
766 3409 811 3478 ad
831 3408 973 3479 cesaris
993 3408 1187 3480 servitium
1208 3412 1397 3484 moraturi.

490 3506 1512 3604 Aquinumipsisrecedentibusdominisvenitadman·

417 3609 545 3679 datum
574 3607 756 3701 ecclesie7
790 3607 1066 3680 Pontecurvum
1098 3609 1211 3682 etiam
1244 3621 1281 3683 et
1307 3623 1383 3684 tota
1409 3623 1512 3684 terra

417 3707 647 3781 monasterii.
701 3709 864 3780 Roccam
892 3707 1050 3804 Bantre‚
1086 3709 1223 3808 inqua
1251 3713 1401 3810 quidam
1430 3722 1512 3785 erat

417 3810 645 3882 castellanus·
676 3807 838 3904 Apulus⁷
873 3807 1023 3904 quidam
1054 3809 1173 3908 ipsius
1203 3812 1319 3908 legati
1351 3812 1511 3886 clericus

417 3909 521 3983 Oddo
551 3912 596 3980 de
623 3908 833 3980 Machilone
862 3909 1014 3982 nomine
1041 3910 1173 4008 recipit
1201 3915 1247 3985 ad
1276 3937 1370 4011 opus
1398 3937 1511 4012 pape,

417 4013 503 4082 data
530 4008 651 4082 eidem
680 4008 885 4082 castellano
913 4013 1074 4107 quadam
1105 4013 1263 4109 pecunie
1292 4014 1512 4112 quantitate.

416 4111 520 4184 Tunc
535 4109 684 4207 quidam
700 4110 922 4184 Guilielmus
937 4113 983 4184 de
997 4110 1105 4208 Sora,
1123 4113 1184 4211 qui
1199 4138 1267 4211 pro
1283 4114 1513 4214 imperatore

417 4231 441 4302 a)
462 4239 488 4284 et
509 4241 568 4302 post
587 4233 614 4285 d.
634 4233 653 4286 i.
672 4233 699 4286 2.
720 4231 746 4285 3.
765 4235 816 4288 aad
833 4247 888 4288 voa
905 4248 958 4288 non
977 4237 1073 4302 leuatur
1090 4240 1117 4290 in
1136 4253 1160 4289 c.
