3326 5022
531 416 571 488 h.
603 417 710 492 1219.
741 416 846 490 1220.
1189 421 1237 492 45

142 616 292 688 mannia
309 615 469 688 Henrico
486 615 560 686 lilio
577 640 660 711 suo,
676 627 712 688 et
727 621 835 688 ambo
852 617 887 687 in
901 618 1077 714 principis
1089 632 1238 716 aposto-

142 718 262 790 lorum
282 717 434 789 basilica
456 740 589 788 mense
608 717 857 790 Novembris
849 742 885 788 m
913 719 1008 790 festo
1036 723 1143 792 beate
1170 724 1236 794 Ce-

143 818 225 890 cilie
256 814 456 912 magnifice
486 825 545 888 sat
547 817 577 888 is
606 841 691 888 cum
720 819 821 888 omni
843 819 1096 890 Romanorum
1119 822 1239 916 gratia

143 920 341 989 ethonore
362 926 449 988 sunt
468 917 614 1014 imperii
633 917 844 990 diademate
868 919 1052 1016 insigniti3
1081 945 1237 1018 quorum
1279 987 1282 994 ,

143 1017 373 1089 coronationi
394 1018 513 1088 dictus
534 1017 749 1116 Stephanus
769 1018 988 1094 Casinensis
1011 1023 1140 1117 abbas⁷
1167 1045 1239 1093 neo

143 1143 216 1188 non
237 1141 365 1190 comes
385 1119 597 1214 Roggerius
616 1122 662 1191 de
680 1120 827 1217 Aquila,
853 1145 983 1194 comes
1009 1121 1163 1194 lacobus
1191 1124 1237 1194 de

142 1219 301 1291 Sancto·
308 1218 509 1315 Severino
545 1243 673 1292 comes
699 1221 902 1293 Ricoardus
931 1225 976 1294 de
1005 1222 1165 1318 Celano
1200 1233 1238 1295 et

105 1367 110 1376 ,
142 1318 308 1390 nonnulli
327 1321 372 1390 de
392 1275 510 1414 regnd
530 1322 691 1391 barones
710 1321 972 1416 interfuerunt
993 1278 1236 1396 occurreirtes

141 1419 211 1517 ipsi
240 1415 455 1516 imperatori
486 1430 525 1490 ut
549 1419 667 1516 ipsius
692 1420 760 1492 sibi
780 1419 940 1516 gratiam
960 1377 1237 1518 dompararffent

141 1521 339 1616 eidemque
359 1520 543 1592 dederunt
560 1519 762 1592 liberaliter
780 1521 986 1594 dextrarios
1007 1546 1101 1618 quos
1123 1523 1235 1595 habe·

141 1625 245 1715 bant
279 1643 373 1716 quos
401 1619 679 1692 redeuntibus
670 1645 707 1690 m
732 1621 992 1694 Alamanniam
1020 1622 1235 1738 Teutoniois

139 1721 222 1814 ipse
241 1719 398 1816 largitus
420 1732 478 1792 est
495 1721 710 1817 imperator.

214 1821 375 1893 Tunct
338 1829 375 1892 et
377 1819 452 1891 iam
471 1821 637 1894 Thomas
657 1821 789 1894 blolisii
809 1845 938 1895 comes
958 1822 1031 1895 ad
1022 1848 1146 1936 ipsum
1171 1824 1235 1896 im-

139 1931 353 2020 peratorem
379 1945 446 2017 pro
473 1921 571 1994 illius
601 1922 719 2019 gratia
749 1923 952 2020 optinenda
983 1924 1085 1996 misit
1116 1923 1232 1997 filium

139 2047 260 2095 suum.
314 2021 381 2094 Set
408 2019 492 2094 cum
521 2021 691 2121 optinere
718 2047 801 2095 earn
831 2047 906 2094 non
933 2035 1075 2137 posset
1104 2036 1233 2098 contra

137 2123 262 2236 ipsum
288 2121 556 2219 imperatorem
579 2147 621 2195 se
641 2123 678 2194 in
698 2147 846 2194 roccam
867 2125 998 2222 recipit
1016 2125 1233 2221 Magenulli
1243 2120 1244 2124 ’

51 2305 54 2312 ,
138 2223 331 2296 comitissa
351 2246 466 2294 uxore
487 2247 555 2294 sua
574 2223 610 2293 in
626 2247 736 2294 rocca
750 2223 880 2295 Boiani
901 2225 1100 2297 constituta
1121 2236 1158 2298 et
1177 2251 1232 2298 re-

136 2325 222 2395 licta
243 2347 328 2394 oum
349 2319 438 2395 suis.
1096 2356 1098 2362 ·

213 2423 352 2494 Tunc
344 2447 425 2520 ipse
453 2422 661 2520 imperator
688 2448 754 2536 per
779 2447 914 2496 manus
941 2424 1127 2498 Ostiensis
1157 2427 1232 2524 epi-

139 2523 263 2620 scopi,
298 2523 358 2620 qui
388 2534 473 2621 post
459 2522 654 2595 tmodum²
639 2521 703 2570 2“2
694 2549 730 2595 ιιι
757 2549 893 2622 papam
920 2526 1143 2640 Gregorium
1173 2537 1232 2600 est

136 2633 345 2738 promotus7
373 2623 580 2720 resumpsit
606 2647 806 2720 crucem⁷
797 2637 923 2697 votum
953 2627 1137 2740 publice
1128 2653 1231 2699 mno-

137 2724 249 2820 vavit
274 2724 488 2836 multosque
514 2724 575 2837 qui
599 2725 805 2796 intererant
823 2727 966 2798 nobiles
985 2727 1085 2799 idem
1105 2729 1231 2800 facere
1280 2734 1283 2741 '

137 2778 325 2896 animhvit
379 2826 483 2897 Tunc
510 2825 622 2897 etiam
651 2825 771 2897 dictus
800 2829 913 2898 abbas
941 2827 1156 2925 Stephanus
1185 2833 1229 2901 ad

136 2924 354 3040 petitionem
379 2925 617 3024 imperatoris
643 2925 713 2998 sibi
739 2950 888 2998 roccam
914 2927 1051 3000 bantre
1078 2933 1228 3002 mandat

135 3026 358 3121 restitui7et
320 3027 525 3098 etAtinum
553 3050 624 3124 que
652 3051 790 3141 usque
797 3037 886 3099 tunc
911 3053 956 3099 ex
980 3030 1227 3102 concessione

134 3125 372 3224 imperatoris
399 3128 549 3200 Henrioi
576 3127 692 3225 patris
720 3127 838 3226 ipsius
865 3138 1039 3202 tenuerat
1066 3131 1226 3203 ecclesia

134 3227 362 3301 Casinensis.

54 3333 59 3339 ’
208 3329 416 3425 Imperator
439 3328 522 3426 ipse
549 3329 667 3401 Rome
696 3329 731 3398 in
760 3354 828 3401 sua
857 3331 1098 3404 coronatione
1118 3359 1226 3429 quas-

133 3430 219 3498 dam
249 3428 361 3500 edidit
388 3429 602 3501 sanctiones
629 3454 695 3526 pro
721 3429 889 3502 libertate
916 3431 1159 3503 ecclesiarum
1190 3444 1226 3504 et

134 3527 374 3638 clericorum7
408 3530 627 3601 confusione
665 3531 952 3626 Paterenorum‚
986 3533 1250 3605 testamentis.

133 3627 420 3723 peregrinorum
456 3640 491 3700 et
520 3631 721 3702 securitate
751 3631 1038 3727 agricultorum5
1075 3643 1111 3704 et
1136 3643 1225 3704 tunc

134 3728 324 3799 Romanos
359 3725 453 3798 fines
488 3731 671 3802 deserens
710 3743 747 3802 et
781 3755 847 3828 per
878 3733 1122 3830 Campaniam
1155 3733 1226 3806 iter

131 3829 277 3900 habens
310 3827 412 3898 venit
442 3827 478 3898 in
511 3854 690 3926 regnum
728 3842 764 3902 et
796 3836 893 3928 apud
927 3833 1105 3906 Sanctum
1135 3834 1224 3906 Ger-

116 3941 285 4001 'manum
306 3926 507 4024 magnifice
527 3954 548 4000 a
566 3931 712 4042 predict
713 3957 733 4002 o
697 3935 886 4004 tabbate
907 3944 1035 4030 rtecep
1038 3959 1095 4006 us
1122 3960 1223 4007 men-

131 4053 213 4102 sam
233 4053 473 4128 campsorum
502 4029 621 4114 etius
654 4031 847 4144 sanguinis
880 4059 951 4130 que
984 4060 1103 4131 usque
1134 4045 1223 4106 tunc

130 4131 311 4202 habuerat
329 4155 373 4202 ex
396 4132 643 4204 concessione
662 4132 900 4229 imperatoris
920 4136 1082 4232 Henrici‚
1105 4137 1222 4208 eccle·

129 4247 179 4328 24)
204 4247 282 4309 hacc
305 4249 398 4330 igitur
422 4257 493 4329 post
515 4271 542 4311 a.
568 4251 658 4314 1227.
681 4250 796 4330 scripta
820 4260 900 4316 sunt.
