3326 5022
587 423 628 504 A.
659 431 765 505 1225.
938 447 939 450 ’
1010 479 1013 487 J
1180 430 1229 502 57

209 632 314 705 'lunc
327 631 533 728 imperator
546 629 629 726 ipse
642 628 869 726 principibus
881 627 1115 724 Alamannie,
1131 630 1231 702 duci-

137 738 218 827 buS,
247 732 443 804 comitibus
470 740 507 802 et
531 729 779 826 potestatibus
798 728 1021 802 Lombardie
1048 753 1116 826 per
1142 754 1230 802 suas

138 835 290 905 mandat
315 831 473 926 litteras,
500 840 540 902 ut
565 829 603 902 in
630 831 753 903 futuro
780 830 921 926 pascha
947 829 1232 903 resurrectionis

91 973 92 978 ι
138 932 287 1007 Domini
306 935 402 1030 apud
419 934 644 1006 Cremonam
660 933 705 1002 ad
722 955 808 1002 eum
825 929 1026 1002 convenire
1041 932 1232 1005 deberent.

213 1033 345 1106 Mense
359 1033 518 1129 Augusti
538 1043 707 1104 mutuum
728 1035 773 1104 ab
787 1031 1015 1128 imperatore
1030 1055 1098 1128 per
1111 1041 1231 1105 totum

139 1157 298 1228 regnum
318 1133 491 1230 exigitur,
510 1143 548 1206 et
565 1143 655 1204 tunc
673 1133 756 1204 locu
775 1131 892 1220 mutui
912 1132 1068 1204 collecte
1084 1142 1171 1204 sunt
1186 1135 1231 1206 de
1255 1193 1257 1198 .

139 1244 239 1304 terra
266 1235 485 1306 monasterii
509 1232 728 1308 Casinensis
747 1232 857 1302 uncie
880 1235 976 1305 1300
994 1257 1062 1329 per
1079 1234 1232 1305 Petrum

139 1333 330 1406 dominum
355 1334 460 1406 Ebuli
495 1344 531 1406 et
554 1333 760 1426 Nyoolaum
786 1335 832 1404 de
852 1331 989 1426 Cicala,
1014 1342 1103 1404 tunc
1129 1333 1232 1406 iusti·

139 1432 293 1506 tianius·
311 1444 410 1506 terre
428 1433 594 1506 Laboris

214 1535 345 1606 Mense
364 1533 597 1631 Septembris
624 1531 792 1604 marchio
812 1531 1113 1604 Montisferrati
1105 1557 1141 1604 rn
1160 1532 1232 1604 Ro·
1297 1595 1300 1600 .

139 1634 264 1710 mania
284 1645 348 1707 nat
333 1635 441 1707 turali
462 1643 582 1706 morte
601 1632 825 1730 defungitur

126 1783 130 1790 -
214 1735 353 1808 Eodem
369 1759 503 1836 mense
518 1733 682 1834 quinque
699 1733 940 1805 vacantibus
930 1758 967 1804 m
983 1757 1101 1830 regno
1115 1733 1232 1806 eccle-

140 1833 218 1930 siis,
246 1827 410 1933 quinque
432 1835 605 1908 dominus
631 1859 728 1947 papa
747 1833 934 1907 Honorius
954 1833 1112 1931 prefecit
1130 1845 1232 1907 motu

138 1936 289 2034 proprie
315 1937 443 2008 volunt
429 1936 529 2031 tatis,
556 1935 673 2007 inscio
701 1945 737 2007 et
760 1934 972 2033 irrequisito
992 1935 1233 2032 imperatore,

140 2035 1233 2134 videlicetquendamCasinensemmonachumlohannem,

141 2147 394 2233 cognomento
423 2140 477 2209 de¹
497 2137 635 2209 Sancto
662 2134 897 2230 Liberatore,
926 2136 1087 2208 ecclesie
1114 2138 1233 2208 sancti

134 2236 320 2318 ,Vincentii
350 2239 396 2310 de
422 2237 623 2328 Vulturno,
652 2236 825 2306 Consane
852 2235 1016 2332 priorem
1046 2240 1232 2332 quendam

140 2337 278 2410 Sancte
297 2335 412 2408 blarie
431 2360 528 2408 nove
544 2337 590 2408 de
605 2336 721 2429 Urbe,
741 2335 976 2408 Salernitana
990 2336 1017 2408 F
1020 2347 1235 2432 amagusta

141 2461 231 2509 nurn
247 2433 433 2534 quondam
451 2436 689 2538 episcopum,
704 2390 897 2509 Aversane
909 2438 1235 2510 cantoremAmal·

141 2537 316 2633 titanum,
351 2547 389 2610 et
415 2539 593 2650 Capuane
621 2538 845 2609 Pactensem
875 2541 1061 2650 quondam
1089 2539 1234 2636 episco-

141 2663 254 2752 pum,
270 2659 372 2750 quos
384 2648 561 2751 tanquam
582 2638 618 2709 in
639 2662 749 2710 suum
769 2637 1013 2735 preiudicium
1028 2649 1235 2751 promotos,

140 2737 256 2836 recipi
275 2739 480 2836 imperator
493 2737 528 2808 in
544 2737 636 2836 ipsis
652 2737 823 2810 ecclesiis
838 2761 913 2809 non
929 2738 1110 2836 permisit
1137 2740 1235 2812 Eun
1285 2742 1288 2750 '

140 2851 218 2912 tem
239 2839 353 2912 etiam
372 2839 409 2910 in
429 2838 592 2912 Siciliam
612 2849 701 2910 tunc
720 2841 764 2910 ad
786 2861 871 2910 eum
892 2863 976 2910 cum
995 2839 1129 2914 litteris
1148 2863 1235 2937 apo

66 3027 69 3034 Ι
142 2939 283 3014 stolicis
303 2942 491 3038 quendam
511 2939 758 3014 Casinensem
781 2940 1010 3012 monachum
1030 2940 1233 3034 Nycolaum

141 3045 186 3114 de
202 3041 484 3136 CollePetn,1n
501 3043 672 3114 abbatem
689 3039 1017 3114 SanctiLaurentii
1032 3042 1234 3114 deAversa
1342 3041 1344 3046 ’
1411 3038 1413 3041 ’

141 3153 368 3240 promotum,
396 3165 470 3213 non
490 3140 650 3214 admisit

216 3244 347 3316 Mense
374 3241 596 3314 Novembris
621 3241 826 3338 imperator
848 3239 930 3354 ipse
950 3245 1047 3340 apud
1067 3242 1234 3316 Brundu-

142 3343 239 3416 sium
270 3343 485 3416 Ysabellam
521 3341 637 3412 liliam
672 3341 757 3412 dicti
789 3341 890 3436 regis
922 3341 1234 3415 lherosolimitani

141 3440 342 3538 magnifice
361 3435 614 3540 desponsavit

218 3543 481 3653 lnquisitiones
502 3545 547 3615 de
566 3543 664 3614 lacto
680 3541 798 3614 mutui
813 3539 906 3613 fiunt
920 3565 988 3638 per
1001 3550 1141 3617 terram
1156 3567 1233 3615 mo

142 3639 308 3813 naslffdll
320 3740 522 3813 reformata
551 3741 671 3813 estin
697 3704 816 3840 Urbe,
851 3742 1038 3815 senatorio
1064 3743 1233 3840 dignitati

142 3842 300 3914 cedente
315 3842 387 3915 Par
389 3841 502 3938 entro,
522 3851 558 3914 et
572 3842 716 3937 Angelo
736 3845 781 3916 de
794 3843 1016 3916 Benencasa
1032 3844 1231 3934 substituto

141 3941 365 4117 eide[lnenarii
392 4041 475 4115 novi
503 4040 566 4138 qui
591 4041 806 4139 imperiales
829 4055 1022 4141 vocantur,
1050 4047 1234 4119 cuduntur

137 4141 351 4240 Brundusii,
379 4153 417 4214 et
435 4153 584 4216 veteres
605 4143 742 4216 cassati
763 4153 858 4216 sunt.

138 4265 164 4336 a)
186 4265 282 4320 lusio.

956 4351 979 4420 5
