3352 5026
432 473 504 543 140
629 465 914 540 arceamus
939 466 1003 538 titt
1028 468 1067 539 S.
1093 466 1325 540 cumrato

428 669 603 740 fratribus
617 668 882 760 vicedecanus,
897 667 1013 738 irater
1024 666 1282 763 Seniorectus,
1297 669 1415 739 irater
1427 668 1523 740 llob-

428 773 558 842 bertos
584 771 631 840 de
650 769 736 862 0¹2,
762 769 879 839 irater
894 767 1084 839 lohannes
1103 769 1279 864 Carolus⁷
1302 768 1420 840 frater
1436 768 1522 839 Gui-

426 869 576 942 lielmus
594 872 641 940 de
669 869 889 964 Pigoataro,
921 869 1039 939 frater
1064 869 1254 940 lohannes
1281 872 1328 940 de
1355 870 1520 939 llarocta

427 979 467 1043 et
491 970 608 1041 frater
631 969 822 1040 Mattheus
847 970 895 1039 de
921 969 1096 1041 lliniaoo.
1148 971 1268 1040 Rome
1292 973 1391 1066 apud
1414 969 1523 1040 Late

426 1092 562 1142 'tanum
580 1069 669 1141 obiit
686 1067 767 1141 12⁵²
785 1068 987 1166 episcopus
1006 1069 1253 1141 Venafranos.

502 1171 644 1242 Eodem
664 1193 798 1242 mense
816 1169 898 1241 Iulii
914 1169 1121 1267 imperator
1137 1195 1225 1241 cum
1243 1193 1314 1242 suo
1333 1169 1522 1240 fortunato

427 1270 594 1342 exercitu
604 1271 703 1367 cepit
712 1271 749 1340 in
759 1270 979 1368 episcopatu
990 1271 1220 1343 Bononiensi
1230 1280 1397 1342 castrum
1407 1273 1522 1366 quod·

427 1373 514 1442 dam
541 1371 696 1443 fossatis
724 1382 763 1442 et
789 1372 896 1467 aquis
924 1371 1128 1466 munitum,
1163 1373 1261 1468 quod
1289 1370 1522 1442 Plumacium

425 1475 643 1566 uocabatur⁷
662 1475 761 1568 qood
778 1482 899 1543 totum
917 1472 1006 1568 igne
1025 1483 1236 1544 crematum
1254 1482 1325 1565 est⁷
1352 1481 1391 1542 et
1408 1495 1522 1567 quam

426 1573 554 1670 plures
580 1595 712 1642 eorum
739 1572 802 1668 qui
819 1572 919 1644 intus
939 1583 1123 1644 steterant
1140 1572 1323 1644 cremarit
1339 1571 1458 1667 ignis5
1486 1583 1524 1642 et

426 1673 507 1746 fere
532 1672 726 1769 quingenti
751 1672 814 1768 qui
842 1684 1047 1745 evaserunt
1071 1674 1170 1768 iguis
1192 1673 1427 1765 incendium,
1453 1672 1522 1742 im-

425 1783 579 1870 perator
605 1772 708 1845 duxit
733 1773 912 1870 captivos.
953 1773 1074 1844 Rome
1092 1774 1246 1845 occidit·
1263 1773 1376 1846 turris
1395 1774 1522 1846 Carto

425 1873 605 1945 lariorum
615 1873 641 1943 ὓ.

502 1973 636 2045 Mense
658 1972 818 2068 Augusti
845 1997 911 2044 rex
929 1973 1095 2044 Navarre
1122 1997 1208 2045 cum
1234 1973 1388 2070 copioso
1409 1997 1521 2045 cruce

427 2073 663 2170 signatorum
686 2075 850 2146 exercitu
878 2077 924 2146 de
948 2074 1113 2146 Marsilia
1131 2074 1169 2145 in
1187 2085 1329 2146 terram
1348 2085 1520 2146 sanctam

427 2173 578 2270 navigio
597 2174 824 2246 transfretat.

501 2275 594 2346 ltem
613 2274 819 2372 imperator
835 2275 920 2371 ipso
939 2299 1072 2347 mense
1085 2274 1246 2371 Augusti
1264 2273 1301 2345 in
1322 2274 1447 2370 vigilia
1463 2297 1522 2345 as-

428 2375 653 2472 sumptionis
678 2379 787 2447 bcate
807 2374 967 2470 Virginis
992 2376 1030 2446 in
1054 2376 1273 2472 episcopatu
1291 2375 1522 2447 Bononiensi

427 2475 527 2573 cepit
545 2486 711 2548 castrum
731 2479 828 2571 quod
848 2476 1040 2548 dicebatur
1053 2477 1295 2573 Crepacore‘,
1315 2478 1413 2573 quod
1432 2475 1521 2572 igne

428 2586 636 2649 crematum
656 2586 732 2671 est3
752 2587 791 2648 et
808 2577 976 2647 nonnulli
995 2600 1125 2648 eorum
1145 2577 1207 2674 qui
1223 2577 1323 2648 intus
1338 2586 1522 2648 steterant

428 2687 643 2772 evaserunt,
671 2687 709 2750 et
726 2701 794 2774 pro
815 2677 944 2747 maiori
964 2688 1070 2773 parte
1089 2689 1176 2749 sunt
1194 2677 1293 2749 ducti
1313 2677 1460 2775 captivi.

501 2779 602 2875 Aput
614 2778 822 2874 Anagniam
837 2777 1003 2849 Thomas
1018 2780 1218 2875 Capuanus
1230 2777 1369 2851 Sancte
1382 2777 1522 2852 Sabine

428 2883 627 2975 presbyter
645 2877 844 2950 cardinalis
866 2883 923 2954 15.
941 2878 1021 2952 Kal
1040 2878 1274 2976 Septembris
1292 2879 1391 2953 obiit.
1432 2881 1522 2949 Ver-

429 2979 536 3050 sust:

527 3077 679 3160 infesto
699 3077 825 3172 lllopni
852 3081 981 3164 festum
1003 3079 1156 3152 nomas
1172 3082 1266 3173 perit
1281 3078 1382 3174 Apol.

528 3177 697 3249 Donatur
715 3177 850 3273 Mapno
868 3203 957 3252 coro
976 3179 1154 3274 marcida,
1173 3183 1320 3273 spiritus
1336 3178 1447 3274 Apao-

506 3279 647 3351 Eodem
676 3303 810 3352 mense
837 3280 996 3376 Augusti
1020 3280 1205 3353 Henricus
1231 3283 1276 3352 de
1294 3280 1418 3351 blorro
1444 3303 1522 3349 ma·
1652 3269 1653 3293 ¹

427 3377 547 3475 gister
571 3377 789 3452 iustitiarius
818 3391 972 3454 vocatus
998 3385 1044 3454 ab
1062 3382 1304 3480 imperatore,
1331 3383 1376 3452 ad
1395 3380 1521 3478 ipsum

426 3479 463 3551 in
482 3478 745 3552 Lombardiam
765 3505 833 3578 per
851 3505 955 3553 mare
974 3482 1085 3554 vadit.
1133 3485 1342 3579 Imperator
1367 3503 1521 3553 revoca-

426 3590 486 3652 tus
514 3604 534 3652 a
563 3579 773 3654 civitatibus
801 3593 839 3654 et
863 3582 1102 3678 magnatibus
1126 3581 1348 3655 Lombardie
1374 3591 1522 3678 partem
1648 3609 1649 3612 ¹

427 3703 535 3754 suam
565 3680 788 3766 foventibus,
815 3681 965 3755 divertit
991 3687 1036 3756 ab
1062 3683 1281 3781 episcopatu
1301 3691 1339 3754 et
1357 3685 1523 3779 depopu—

426 3780 566 3854 latione
580 3781 820 3878 Bon0n1e‚.et
837 3787 882 3856 ad
902 3784 1205 3881 depopulandum
1220 3784 1256 3855 in
1273 3782 1521 3856 exterioribus

425 3882 678 3955 Mediolanum
705 3883 866 3979 accedit3
895 3879 953 3955 c'ui
979 3883 1281 3957 Mediolanenses
1309 3893 1414 3955 extra
1434 3880 1523 3954 civi-

425 3992 543 4072 tatem
572 4007 639 4081 per
665 3993 748 4056 octo
777 3984 856 4056 fere
886 3983 1055 4056 milliaria
1085 3985 1215 4058 obvios
1244 4009 1287 4058 se
1314 3991 1523 4081 opponunt.

427 4153 548 4227 alitam
563 4156 729 4211 ceciditedd.
786 4153 980 4228 blssartolarc.
1038 4155 1243 4228 clssrepacorc,
1296 4156 1526 4226 dltnmurptncc.

427 4297 478 4381 54)
503 4317 618 4360 nomon
641 4297 814 4379 ignoratur.
