3352 5026
446 454 516 527 lut
645 449 928 525 RYCCARDUS
954 449 1016 522 DE
1041 449 1078 523 S.
1107 449 1338 524 GERMANO

442 651 628 751 imperiali
654 651 755 723 curie
783 651 1015 749 presentabit
1041 654 1110 723 sub
1138 675 1206 724 suo
1236 661 1274 724 et
1298 661 1457 748 quatuor
1475 655 1533 726 bo·

443 778 577 835 norum
614 751 779 825 virorum
816 751 1158 825 ecclesiasticorum
1192 751 1325 849 sigillis
1357 753 1532 846 signatas.

444 856 638 930 Clamores
669 865 797 926 tamen
829 863 959 930 contra
991 859 1059 926 eos
1087 854 1226 950 factos,
1260 853 1322 950 qui
1355 853 1532 927 officiales

442 981 517 1028 non
538 965 638 1050 sunt⁷
666 955 837 1027 decident
861 953 1043 1026 iustitiarii
1063 954 1273 1052 regionum.
1310 953 1390 1028 Hiis
1409 953 1532 1050 curiis,

395 1143 396 1146 Ἴ
441 1057 497 1130 bis
512 1056 549 1128 in
565 1077 663 1128 anno
678 1065 718 1126 ut
732 1055 870 1126 dictum
885 1065 945 1127 est
959 1055 1207 1144 celebrandis,
1225 1055 1435 1128 intererunt
1448 1079 1532 1152 qua·

440 1169 524 1230 tuor
543 1159 588 1228 de
608 1155 771 1252 qualibet
788 1179 927 1253 magna
947 1154 1110 1254 civitate,
1128 1159 1175 1229 de
1190 1155 1406 1230 melioribus
1421 1165 1532 1250 terre,

441 1263 538 1332 bone
556 1255 641 1329 fidei
661 1267 699 1328 et
712 1261 809 1330 bone
825 1256 1022 1354 opinionis7
1043 1257 1155 1354 etqui
1171 1281 1246 1328 non
1262 1256 1335 1328 sint
1349 1259 1394 1330 de
1410 1266 1532 1354 parte5

442 1361 487 1432 de
511 1357 593 1430 aliis
621 1381 711 1428 vero
741 1381 814 1428 non
841 1357 989 1455 magnis
1019 1369 1055 1430 et
1083 1359 1128 1429 de
1148 1356 1311 1430 castellis
1331 1359 1402 1428 duo
1421 1356 1532 1428 inter·

442 1469 552 1532 erunt
574 1457 686 1531 curiis
712 1457 816 1556 ipsis.
870 1459 1005 1532 Prolati
1031 1482 1122 1530 vero
1147 1459 1328 1552 locorum,
1356 1456 1427 1529 nisi
1456 1481 1532 1528 cer·

439 1571 518 1632 tarn
543 1561 708 1632 habeant
731 1559 1012 1632 excusationem
1033 1562 1129 1658 quod
1149 1559 1336 1630 interesse
1355 1581 1429 1630 non
1448 1582 1532 1655 pos·

441 1661 532 1754 sint,
560 1659 732 1732 similiter
759 1661 968 1732 intererunt
996 1661 1138 1735 eisdem
1165 1659 1298 1756 curiis,
1326 1669 1364 1732 et
1388 1659 1532 1732 durabit

440 1759 541 1832 ouria
570 1783 638 1856 per
664 1769 747 1832 octo
774 1759 869 1854 dies⁷
895 1761 932 1831 in
953 1761 1085 1858 quibus
1106 1759 1176 1832 nisi
1197 1759 1362 1858 expediri
1381 1759 1530 1856 negotia

439 1861 522 1958 ipsa
541 1870 730 1956 poterunt,
757 1861 1018 1958 prorogabitur
1035 1861 1072 1932 in
1092 1861 1172 1932 dies
1192 1859 1414 1958 quindecim.
1461 1859 1531 1946 Qui

440 1970 566 2034 autem
586 1959 807 2056 intererunt,
825 1963 907 2034 looo
928 1962 1157 2060 prelatorum
1178 1961 1240 2058 qui
1254 1961 1442 2034 interesse
1457 1985 1529 2032 non

440 2070 619 2163 poterunt
642 2062 930 2160 denuntiabunt,
966 2063 997 2135 si
1026 2063 1087 2161 qui
1118 2061 1266 2135 suntin
1294 2085 1425 2134 eorum
1450 2085 1532 2160 pro·
1649 2067 1650 2104 ἓ

438 2161 560 2240 vincia
579 2161 749 2259 patereni
767 2164 828 2235 vel
846 2164 1011 2236 heretica
1030 2163 1216 2262 pravitate
1238 2163 1379 2260 iniectu
1406 2173 1447 2234 ut
1474 2186 1530 2235 se·

438 2263 596 2337 veritate
627 2263 747 2336 debita
782 2265 993 2362 puniantur.
1045 2265 1145 2337 Loca
1180 2275 1306 2337 autem
1335 2261 1529 2361 inquibus

439 2373 528 2438 sunt
546 2371 684 2436 statute
704 2364 819 2461 curia
847 2375 933 2438 sunt
951 2365 1039 2438 hec:
1058 2367 1097 2437 ln
1113 2365 1237 2439 Sicilia
1258 2375 1347 2462 aput
1361 2363 1530 2458 Platiam,

437 2465 474 2536 in
490 2464 661 2538 Calabria
679 2476 777 2542 terra
794 2467 940 2538 lordani
961 2477 998 2538 et
1012 2467 1124 2538 Vallis
1145 2477 1265 2562 grate,
1284 2476 1374 2564 aput
1388 2467 1529 2540 Casan„

310 2571 311 2574 ’
435 2565 538 2638 tiam.
574 2563 614 2636 ln
632 2565 763 2664 Apulia
784 2566 993 2664 Capitinata
1021 2579 1058 2640 et
1085 2568 1297 2664 basilicam,
1325 2577 1414 2664 aput
1441 2565 1532 2638 Gra·

436 2665 574 2737 vinam.
619 2667 658 2738 ln
678 2665 888 2764 ¹Principatu
908 2677 1007 2739 terra
1026 2669 1180 2742 Laboris
1201 2679 1238 2741 et
1257 2668 1433 2740 comitatu
1454 2667 1531 2738 Mo·

434 2765 507 2839 lisii
527 2791 648 2865 usque
673 2765 819 2862 Soram,
847 2779 936 2865 aput
961 2768 1171 2842 Salernum.
1224 2771 1264 2842 ln
1291 2767 1530 2842 iustitiariatu

435 2869 598 2964 Aprutii,
635 2878 725 2965 aput
748 2868 979 2941 Sulmonem.
1032 2871 1198 2968 Tempus
1226 2881 1352 2943 autem
1380 2869 1530 2966 quando
1649 2861 1650 2954 l

435 2971 702 3064 congregando
730 2979 818 3040 sunt
846 2970 959 3066 ouria
988 2970 1057 3042 erit
1080 2971 1118 3042 in
1143 2971 1321 3044 Kalendis
1340 2969 1464 3064 Marii,
1493 2979 1533 3040 et
1649 2991 1650 2994 ’

435 3065 567 3141 tinient
584 3069 646 3139 in·
671 3068 848 3142 Kalendis
866 3070 1108 3165 Novembris3
1134 3071 1170 3141 in
1192 3070 1325 3167 quibus
1345 3069 1535 3166 magister

434 3166 667 3263 instituimus,
685 3169 881 3266 iustitiarii7
901 3170 1070 3266 magistri
1085 3169 1295 3266 camerarii,
1316 3169 1533 3266 camerarii⁷

434 3263 545 3342 baiuli
581 3280 618 3342 et
643 3269 703 3342 alii
728 3269 909 3346 officiales
938 3271 1053 3369 curie,
1079 3269 1232 3369 prelati,
1260 3269 1438 3365 comites7
1464 3274 1532 3343 ba·

433 3393 561 3468 renes,
585 3370 687 3444 cives
704 3382 744 3444 et
762 3373 920 3444 aliorum
940 3373 1105 3446 locorum
1124 3372 1354 3446 habitatores
1374 3371 1533 3472 quilibet
1649 3391 1650 3450 i

433 3470 470 3542 in
496 3495 566 3543 sua
590 3472 794 3570 provincia,
820 3483 993 3572 tempore
1019 3485 1056 3546 et
1079 3474 1172 3548 locis
1191 3473 1357 3573 profluis⁷
1384 3473 1420 3544 in
1439 3497 1530 3571 pre·
1649 3473 1650 3554 l

433 3571 555 3644 sentia
581 3573 695 3670 legati
722 3573 927 3672 imperialis
955 3577 1158 3648 convenire
1185 3586 1378 3671 tenentur,
1411 3597 1532 3672 super
1649 3559 1650 3592 ¹

432 3671 620 3788 universis
649 3684 686 3747 et
710 3675 869 3772 singulis
898 3699 970 3772 que
998 3675 1212 3750 constitutio
1245 3676 1411 3749 continet
1440 3698 1530 3776 pro-

519 3799 566 3845 ur
580 3831 587 3846 .

432 3795 639 3948 respuernse
664 3875 854 3948 Februarii
882 3877 928 3949 de
952 3877 1077 3953 Sicilia
1104 3877 1141 3949 in
1169 3877 1378 3954 Calabriam
1402 3887 1531 3950 trans-

430 3973 544 4048 fretat
568 3976 783 4074 imperator,
810 3987 850 4051 et
875 3978 1009 4051 exinde
1033 3979 1071 4050 in
1089 3978 1262 4077 Apuliam
1288 3980 1400 4052 venit.
1445 3980 1531 4051 Hoc
1649 4027 1650 4032 κ

431 4097 565 4149 mense
585 4087 621 4152 et
640 4101 773 4151 mense
791 4079 962 4152 lanu-ario
982 4080 1159 4177 preterito
1176 4089 1280 4152 tanta
1298 4079 1367 4152 fuit
1385 4081 1533 4153 bobun·
1649 4063 1650 4128 ἶ

431 4175 556 4248 dantia
581 4178 712 4274 pruine
740 4190 778 4251 et
796 4179 910 4276 niuis,
938 4182 1037 4278 quod
1064 4205 1130 4278 pre
1157 4190 1386 4278 tempestate
1413 4181 1533 4253 lamis

327 4351 328 4355 ,
430 4300 455 4369 a)
475 4299 494 4355 l.
515 4299 533 4353 i.
553 4305 579 4354 r‘n
599 4305 717 4368 maraine
735 4304 826 4356 eadem
846 4318 932 4356 muna.
