3326 5022
442 406 490 478 36
644 401 927 478 RYCCARDUS
954 400 1015 473 DE
1042 401 1078 474 S.
1107 399 1337 476 GERMANO

440 629 485 678 ac
503 603 666 677 osculato
682 604 783 698 pede,
802 629 881 676 cum
899 607 973 696 ipse
991 605 1037 690 sit
1052 626 1160 696 super
1178 625 1315 698 equum,
1335 607 1459 699 recipit
1471 631 1537 679 eos

438 707 490 778 ad
506 705 666 777 osculum
684 711 719 776 el
735 705 786 776 ad
803 728 960 776 montem.
998 704 1065 791 (lui
1082 727 1161 776 cum
1179 727 1391 799 unoquoque
1410 729 1536 778 mora-

436 813 497 878 tur
510 829 576 900 per
592 805 761 897 triduum,
788 805 896 877 semel
918 807 954 876 in
982 828 1090 898 unna,
1117 811 1149 876 et
1174 807 1225 876 sic
1244 807 1401 898 aprima
1421 831 1534 902 nsque

436 907 487 978 od
510 909 695 1000 septimum
719 905 810 994 filios
828 908 950 978 visitat
966 912 1196 998 memoratos,
1224 911 1259 975 et
1274 905 1416 1000 quilibet
1433 912 1535 978 omni

436 1031 533 1080 anno
558 1031 626 1100 pro
650 1013 746 1079 certo
772 1008 904 1079 tributo
930 1008 1037 1077 mittit
1058 1008 1095 1080 in
1117 1009 1203 1094 {isco
1227 1007 1343 1098 putris
1364 1008 1412 1080 ‘20
1429 1009 1531 1079 milia

433 1113 714 1199 sarracenatos5
741 1114 774 1178 et
797 1109 847 1182 sic
873 1131 896 1179 a
919 1108 1035 1200 primo
1061 1129 1170 1201 usque
1190 1105 1241 1176 ad
1257 1109 1442 1199 septimum
1462 1107 1534 1180 dat

433 1211 617 1304 unicuique
641 1207 793 1295 filiorum
817 1231 924 1280 unum
944 1208 987 1279 de
1007 1206 1123 1278 anulis
1141 1208 1225 1299 suis,
1253 1209 1288 1277 in
1307 1232 1376 1302 quo
1394 1233 1528 1302 ymapo

431 1333 501 1382 sua
519 1308 699 1402 sculpitur.

512 1408 636 1481 Volunt
662 1410 720 1480 isli
744 1408 890 1480 libenter
907 1407 1057 1479 reddere
1074 1410 1110 1477 in
1128 1431 1259 1480 manus
1278 1407 1414 1479 domini
1426 1433 1525 1502 pape

430 1516 565 1581 terrum
584 1516 762 1600 sanctam,
791 1534 897 1604 quam
922 1515 1038 1580 tenent
1058 1507 1108 1579 ad
1125 1532 1215 1602 opus
1233 1508 1523 1602 christianorum,

430 1617 464 1681 et
476 1617 515 1682 ut
528 1613 614 1681 certi
627 1612 698 1681 sint
711 1615 745 1680 et
755 1612 872 1681 secari
886 1609 928 1681 de
945 1609 1127 1680 albaterra
1140 1633 1163 1679 a
1171 1608 1304 1703 populo
1314 1609 1522 1704 christiane,

428 1711 576 1804 sinpulis
602 1712 707 1781 annis
728 1709 851 1782 volunt
868 1734 943 1782 esse
967 1711 1031 1780 sub
1050 1717 1146 1782 certo
1166 1710 1296 1780 tributo
1314 1710 1523 1806 patriarche

426 1809 747 1899 iherosolimitano,
775 1816 810 1881 et
832 1809 969 1882 dabunt
991 1811 1072 1882 inde
1090 1810 1267 1882 cautelam
1286 1810 1448 1882 Romane
1467 1835 1521 1882 ec-

428 1911 531 1983 clesie
555 1912 597 1983 de
625 1934 697 1982 uon
721 1911 948 2004 impediendo
975 1911 1128 2005 amplius
1155 1917 1253 1982 terro
1280 1918 1421 2004 sancta,
1449 1936 1521 2007 qua

427 2011 591 2084 dominus
614 2017 735 2083 noster
757 2012 858 2084 Iesus
877 2011 1035 2098 Christus
1057 2014 1131 2084 suis
1147 2010 1296 2104 pedibus
1315 2012 1519 2084 ambulavit.

501 2112 686 2183 Predictus
710 2136 793 2184 vero
814 2111 1032 2206 Sepludinus
1051 2114 1094 2185 de
1112 2135 1210 2184 more
1227 2111 1519 2204 predecessorum

425 2236 573 2284 suorum
599 2214 731 2298 taciem
757 2237 860 2285 suam
880 2235 951 2284 non
969 2213 1123 2285 ostendit
1138 2213 1301 2285 omnibus
1319 2215 1387 2283 nisi
1404 2213 1519 2286 decies

424 2315 460 2384 in
489 2337 598 2405 anno,
626 2313 772 2408 quaudo
797 2315 947 2386 nuncios
972 2317 1094 2409 recipit
1111 2313 1339 2404 Pisanorunr,
1365 2313 1517 2384 lonuen·

423 2415 526 2505 sium,
560 2414 733 2506 Venetam,
760 2417 954 2506 civitatum,
982 2439 1105 2509 repam
1132 2414 1186 2485 vel
1207 2415 1406 2507 principum
1425 2414 1516 2486 cbri-

422 2517 634 2606 suanorum,
662 2515 864 2586 astantibus
882 2521 1017 2587 centum
1038 2517 1200 2586 antiatis.
1248 2514 1368 2585 Primo
1387 2513 1443 2586 die
1461 2539 1515 2586 re-

422 2617 505 2708 cipit
534 2617 632 2708 ipsos
662 2617 700 2685 in
721 2617 841 2707 prima
865 2615 947 2686 sala
975 2615 1017 2687 de
1044 2617 1180 2708 Cayro,
1214 2615 1273 2685 ubi
1298 2638 1436 2708 semper
1463 2623 1517 2688 est

420 2721 537 2788 status
564 2717 647 2787 eius.
699 2715 792 2787 Tunc
818 2718 941 2810 recipit
964 2715 1102 2788 litteras
1129 2741 1153 2786 a
1178 2718 1326 2807 nunciis,
1353 2716 1512 2788 sednon

421 2815 523 2890 audit
548 2840 629 2906 eos;
655 2818 692 2886 in
715 2817 873 2888 secunda
901 2815 956 2887 die
983 2817 1086 2888 audit
1109 2840 1170 2888 eos
1185 2816 1222 2886 in
1240 2816 1399 2888 secunda
1416 2816 1512 2910 sala,

420 2918 621 2988 astantibus
639 2916 797 2987 ducentis
819 2915 942 2988 Turbis
959 2918 1032 2988 suis
1051 2916 1136 2987 bene
1155 2919 1315 2988 armatis.
1348 2917 1389 2987 ln
1408 2921 1512 2990 tertio

419 3015 558 3110 quidem
578 3015 633 3087 die
650 3039 713 3110 per
732 3019 995 3087 turcimannum
1013 3039 1128 3108 suum,
1152 3017 1311 3090 uidelicet
1324 3041 1388 3111 per
1405 3019 1511 3089 inter-

415 3122 569 3210 pretem,
614 3115 681 3187 dat
709 3117 839 3188 eisdem
871 3141 1090 3211 responsum¹
1109 3121 1301 3194 secundum
1332 3124 1429 3218 qriod
1459 3133 1514 3198 est

415 3215 545 3288 modus
568 3218 605 3286 in
629 3241 753 3289 causa.
803 3217 870 3305 (lui
891 3225 974 3312 post
998 3223 1136 3292 tertium
1165 3221 1256 3292 diem
1284 3246 1354 3294 uon
1379 3224 1512 3298 liabent

417 3317 571 3410 amplius
590 3317 640 3388 od
662 3317 759 3390 illum
788 3343 982 3391 accessura.
1033 3320 1154 3392 Habet
1176 3321 1395 3416 Sepbedinus
1421 3350 1508 3397 uco-

415 3441 473 3489 res
501 3421 545 3492 15
568 3420 603 3489 in
626 3417 701 3514 lepe
725 3441 809 3512 sua,
837 3443 903 3515 que
927 3423 1070 3492 suntin
1094 3446 1165 3492 uno
1188 3423 1339 3518 palatio,
1366 3429 1510 3499 insimul

413 3517 598 3589 dormiunt
613 3519 801 3591 comedunt
819 3527 853 3592 et
869 3521 999 3592 bibunt.
1052 3521 1093 3592 si
1115 3523 1237 3618 aliqua
1256 3549 1382 3597 earum
1400 3526 1509 3599 babet

412 3642 455 3689 ea
473 3643 514 3690 eo
531 3619 653 3712 filium,
681 3619 900 3713 Sepbedinus
918 3621 1020 3692 audit
1036 3623 1087 3693 od
1103 3647 1183 3695 eam
1202 3627 1348 3720 qnando
1367 3628 1449 3720 vult,
1473 3637 1508 3700 et

411 3717 545 3800 dormit
570 3743 651 3790 cum
676 3744 719 3791 ea
744 3720 940 3792 videntibus
967 3721 1068 3815 aliis;
1102 3725 1201 3797 illam
1229 3749 1311 3798 aero
1339 3751 1406 3823 que
1432 3752 1504 3801 non

410 3819 518 3890 babet
543 3843 586 3890 er:
612 3844 653 3891 eo
678 3820 806 3913 tilium,
835 3821 886 3892 od
909 3845 947 3894 se
965 3823 1110 3917 quamlo
1138 3826 1213 3897 uult
1233 3851 1299 3919 per
1324 3829 1503 3901 eunuchos

409 3943 494 3991 suos
512 3922 637 3992 vocari
653 3923 743 4006 facit
760 3923 795 3992 in
814 3925 978 4015 respueris,
998 3930 1030 3994 et
1048 3924 1177 3998 detinet
1194 3951 1274 3998 cam
1287 3952 1353 4020 per
1366 3936 1502 4001 noctem

408 4025 444 4091 el
461 4019 564 4114 diem,
584 4027 617 4092 el
634 4023 685 4094 sic
701 4024 792 4106 tacit
803 4022 846 4093 de
858 4023 1014 4118 sinpulis.
1044 4025 1196 4113 Quando
1213 4027 1335 4122 aliqua
1350 4031 1500 4102 istarum

407 4123 569 4213 moritur,
596 4121 732 4194 inducit
748 4122 857 4193 oliam
876 4125 966 4195 inter
986 4125 1090 4196 alias.
1191 4161 1214 4218 Ι

483 4221 523 4291 ln
551 4224 733 4292 secretiori
758 4247 923 4316 camera,
950 4225 1010 4294 nbi
1034 4223 1123 4312 ludit
1150 4233 1181 4298 et
1208 4227 1356 4322 dormit,
1375 4229 1500 4302 ¹niellus
