3326 5022
444 433 493 502 40
646 427 928 504 RYCCARDUS
955 431 1016 503 DE
1043 431 1080 503 S.
1108 426 1339 505 GERMANO

445 643 503 704 est
522 655 713 729 egressus.
740 631 842 705 Sedit
862 641 988 704 autem
1009 656 1128 729 usque
1144 631 1252 704 tertio
1268 633 1349 730 ipse
1365 631 1545 706 dominus
1651 629 1652 650 ³

446 756 541 830 papa
568 757 588 804 a
614 735 712 806 festo
739 733 837 806 beati
862 733 1010 806 Martini
1038 757 1155 830 usque
1182 737 1227 806 ad
1253 735 1392 806 festum
1420 734 1546 806 sancti

443 837 605 928 Andree‚
633 845 670 906 et
687 845 776 907 tunc
796 833 1019 932 electionem
1038 833 1177 922 factam
1196 859 1265 932 per
1282 835 1472 932 principes
1494 837 1545 908 de

444 959 536 1031 rege
549 935 576 1006 F
579 935 769 1008 rederico
760 961 797 1006 m
812 935 958 1031 impera
959 945 1080 1008 torem
1096 935 1308 1020 Romanum
1325 941 1543 1033 approbans

445 1033 692 1132 confirmavit
721 1046 758 1108 et
786 1045 915 1108 sancta
945 1039 1109 1130 synodus
1128 1040 1177 1109 70
1197 1036 1356 1135 capitula
1376 1037 1554 1149 promul

445 1135 565 1233 gavit:
592 1136 809 1234 dampnavit
834 1137 968 1209 librum
988 1136 1152 1208 loachim
1171 1137 1361 1210 Florensis
1380 1137 1544 1232 abbatis7

428 1237 569 1350 'quem
576 1247 703 1310 contra
716 1237 939 1352 magistrum
950 1237 1099 1310 Petrum
1109 1238 1361 1312 lombardum
1373 1237 1544 1311 ediderat

443 1340 489 1410 de
509 1337 650 1410 unitate
669 1339 730 1412 vel
749 1339 916 1412 essentia
936 1337 1136 1411 Trinitatis

928 1575 1052 1664 1216

449 1693 733 1830 Stephanus
753 1735 970 1810 Casinensis
990 1739 1119 1831 abbas,
1147 1737 1244 1808 facta
1264 1735 1540 1834 compositione

443 1834 724 1931 cumMiraddo,
731 1837 1021 1950 recipitroccam
1030 1832 1125 1908 Bant
1111 1847 1178 1909 tre
1205 1837 1539 1952 Adenolfusquon-

442 1937 528 2007 dam
559 1939 673 2009 abbas
699 1961 719 2008 a
749 1962 845 2034 papa
874 1937 1086 2033 dimittitur
1115 1937 1172 2009 cui
1202 1939 1353 2035 abipso
1374 1962 1440 2036 pro
1461 1937 1538 2010 vita

443 2036 659 2108 conceditur
677 2037 837 2111 ecclesia
859 2039 978 2111 sancti
996 2038 1215 2112 Benedicti
1207 2064 1244 2110 m
1265 2041 1405 2136 Capua,
1434 2041 1536 2112 etde

442 2136 563 2232 gratia
592 2137 752 2210 ecclesia
779 2141 899 2212 sancti
915 2139 1050 2236 Angeli
1078 2139 1114 2210 in
1138 2139 1281 2213 Formis
1310 2139 1410 2212 addit
1396 2151 1454 2212 tur
1472 2139 1536 2214 illi.

441 2239 521 2310 Hoc
548 2263 645 2310 anno
669 2239 787 2312 dictus
808 2241 849 2313 st
835 2241 1022 2338 tephanus
1043 2240 1260 2314 Casioensis
1281 2245 1395 2314 abbas
1416 2241 1536 2312 Rome

365 2352 376 2362 ”
442 2349 533 2436 aput
550 2339 805 2412 Later'anum
797 2366 833 2412 m
853 2344 1090 2416 sacerdotem
1110 2367 1177 2439 per
1196 2366 1331 2414 manus
1347 2341 1536 2414 Ostiensis
1651 2385 1652 2408 ι

441 2439 610 2553 episcopi
629 2451 882 2538 promovetur.
936 2443 1152 2540 Dyopuldus
1172 2446 1217 2515 de
1236 2447 1371 2517 ducatu
1392 2441 1535 2539 Spoleti

440 2541 477 2610 in
506 2564 666 2636 regnum
693 2543 838 2614 occulte
864 2541 1033 2636 redienS„
1071 2567 1185 2641 super
1216 2544 1364 2616 asinum
1396 2545 1535 2616 sedens

439 2640 621 2756 proditus⁷
650 2653 687 2714 et
713 2643 885 2757 cognitus
912 2647 1008 2741 apud
1028 2645 1212 2738 Tyberam
1241 2655 1374 2742 captus
1400 2655 1471 2738 est
1499 2655 1537 2715 et

249 2739 256 2743 “
350 2821 352 2826 ,
441 2741 605 2814 senatori
625 2743 760 2816 Urbrs
752 2770 788 2816 m
808 2745 1016 2818 custodiam
1043 2747 1213 2840 traditae,
1240 2757 1277 2818 et
1304 2744 1490 2818 tandem
1481 2770 1535 2816 m-
1621 2781 1627 2788 ·

418 2850 613 2933 'terventu
639 2845 799 2940 pecunie
826 2846 1016 2919 liberatus.
1069 2845 1252 2919 Henricus
1279 2845 1381 2942 regis
1400 2846 1534 2918 Frede-

440 2943 505 3014 rici
529 2942 627 3017 filius
655 2955 807 3017 vocatus
835 2956 1007 3045 epatre
1036 2957 1073 3018 et
1099 2946 1270 3020 Gaietam
1300 2971 1321 3018 a
1347 2947 1534 3020 Panormo

439 3043 589 3139 navigio
609 3045 781 3141 veniens,
800 3047 837 3116 in
855 3039 1117 3119 Alamanniam
1137 3047 1246 3120 vadit.
1290 3049 1421 3120 lllense
1440 3046 1535 3120 lunii

439 3143 680 3217 lnnoeentius
699 3171 796 3244 papa
815 3147 953 3220 Urbem
974 3147 1104 3220 exieus
1124 3149 1319 3222 Perusium
1341 3149 1453 3244 vadit
1472 3149 1534 3222 ubi

438 3267 572 3317 mense
591 3245 710 3318 luliil
694 3251 749 3319 17.
765 3247 844 3318 Kal.
858 3249 1017 3344 Augusti
1035 3249 1218 3346 languore
1237 3261 1433 3364 correptus
1453 3251 1534 3321 leli-

436 3345 557 3517 pliter
540 3345 745 3444 expiravit-
772 3348 885 3424 Cuius
905 3349 1046 3424 obitum
1066 3350 1215 3450 quidam
1232 3350 1386 3423 metrice
1402 3351 1455 3424 sic
1469 3353 1533 3423 de

466 3446 557 3520 evit:

435 3547 517 3620 Nou
537 3548 677 3642 cwcede⁷
705 3552 789 3644 quio
809 3553 914 3624 cessit
930 3551 995 3644 sol,
1022 3551 1146 3646 lupeut
1163 3552 1277 3646 ortis,

393 3723 394 3727 ,
490 3648 528 3718 ln
547 3647 663 3720 medio
682 3649 770 3722 lucis
787 3650 904 3723 lumen
923 3652 1037 3724 obisse
1055 3676 1169 3723 suunt.

435 3748 568 3819 Lumen
587 3749 660 3820 odit
677 3748 811 3842 tuendi,
839 3753 922 3844 quta
943 3751 1093 3824 decessit
1105 3759 1213 3846 puter
1229 3753 1335 3826 Iuno·

484 3851 636 3940 cendum
662 3852 726 3924 iste
740 3857 848 3944 puter
870 3851 973 3924 Urbis
991 3859 1025 3924 et
1044 3853 1148 3926 Orbis
1167 3860 1247 3926 erat

434 3949 620 4022 Nomeuut
607 3957 768 4046 tuumque
775 3957 895 4024 cneus
905 3976 1057 4046 versum,
1068 3961 1171 4026 notu
1179 3953 1247 4025 hoc
1256 3953 1533 4048 quodltodedot,
1651 3939 1652 3984 ³

467 4049 586 4166 Ouid·
597 4051 729 4124 mundo
743 4058 878 4145 posset,
854 4053 1054 4124 treddere
1073 4053 1198 4148 quidue
1218 4053 1302 4126 Deo

433 4146 473 4218 Si
489 4152 652 4245 speciem,
679 4154 711 4223 si
728 4155 854 4224 mentis
871 4177 968 4245 opes,
995 4156 1026 4224 si
1044 4176 1192 4224 munero
1211 4154 1327 4248 linque

482 4247 526 4319 At
527 4249 658 4344 tendes,
686 4251 786 4322 cedet
801 4252 924 4345 linquo
943 4251 1116 4346 radetque
1133 4253 1244 4325 stilus
