3326 5022
412 413 460 484 62
613 402 895 480 RYCCARDUS
923 400 984 474 DE
1011 399 1047 472 S.
1076 396 1307 470 GERMANO

411 629 569 706 persona
588 605 672 678 aelle
689 627 805 697 suum,
824 609 924 674 terra
943 599 1155 672 remanebat
1167 597 1321 689 ecclesie,
1340 602 1374 666 ct
1387 597 1514 667 omnia
1648 625 1649 664 r

404 712 511 781 ,bana
528 729 596 778 sua
615 705 808 799 recipiebat
825 701 1079 774 monasterium
1099 698 1312 786 Casinense5
1333 701 1365 768 ct
1382 698 1413 768 si
1428 719 1513 788 per·
1648 717 1649 732 ³

412 833 505 883 sona
521 829 586 902 que
600 812 682 878 crat
694 803 959 896 condempnata
973 799 1115 870 eiciebat
1126 821 1164 870 se
1179 797 1362 888 redimere,
1382 796 1516 868 licebat
1648 847 1649 896 ,

416 913 446 981 ei
473 905 622 980 vendere
648 905 691 976 de
715 905 819 976 rebus
837 903 922 974 suis.
975 901 1061 971 ltem
1087 897 1183 992 quod
1208 921 1286 969 curn
1312 899 1515 990 imperator
1648 899 1649 908 ’

416 1009 592 1081 Hearicus
622 1004 844 1090 mandassetw
863 1000 1137 1092 redemptionem
1166 997 1284 1092 collipi
1304 1020 1373 1090 per
1397 1002 1514 1069 toturn

416 1130 576 1203 repnum,
598 1105 713 1176 abbas
729 1105 813 1189 tecit
830 1093 948 1195 coilipi
963 1105 1103 1194 partem
1122 1099 1379 1190 eontiapentem
1393 1099 1515 1190 ipsum
1648 1107 1649 1114 ’

418 1209 615 1280 abbatiam.
660 1205 747 1276 Item
773 1202 869 1298 quod
888 1202 1065 1294 precatio,
1095 1221 1161 1293 que
1185 1197 1419 1290 prestabatur
1435 1200 1516 1290 repi

418 1307 614 1398 Guilielrna,
629 1327 695 1398 per
713 1304 881 1376 abbatem
898 1301 1016 1394 debat,
1036 1304 1070 1370 et
1086 1299 1237 1370 ministri
1256 1297 1398 1370 abbatis
1416 1297 1514 1368 colli-

418 1409 552 1503 pebunt
571 1429 637 1499 per
662 1411 797 1477 terram
825 1401 1033 1476 manasterii
1055 1401 1296 1490 precationem
1323 1399 1451 1491 ipsam,
1481 1403 1517 1467 et

419 1507 530 1580 baiuli
554 1508 648 1599 repis
676 1527 856 1598 nunquam
878 1503 942 1573 uisi
959 1507 1041 1576 sunt
1058 1499 1106 1570 ibi
1124 1499 1175 1571 ad
1190 1497 1269 1570 leoc.
1311 1498 1399 1569 Item
1418 1497 1517 1592 quod

419 1609 450 1678 si
468 1605 612 1700 qnando
632 1603 755 1698 aliqua
774 1605 917 1674 seruitia
937 1599 1211 1693 iniunpebantur
1230 1623 1252 1668 a
1273 1597 1416 1670 domino
1432 1621 1516 1692 repe

421 1707 544 1777 abbati
558 1705 612 1774 ael
626 1707 730 1776 etiam
746 1703 945 1774 bominibus
961 1701 1113 1790 abbatie,
1131 1699 1227 1793 quod
1236 1699 1516 1791 expediebantur

419 1829 484 1898 per
511 1805 688 1895 abbatem,
715 1801 912 1874 monachos
936 1808 968 1872 et
986 1802 1167 1872 rn'inistras
1185 1803 1268 1872 eius.
1313 1799 1399 1870 ltem
1419 1799 1518 1894 quod

420 1908 535 2000 sique
553 1903 828 1997 iniunpebantur
847 1903 1000 1991 abbatie,
1027 1899 1304 1992 expediebantur
1319 1923 1385 1992 per
1403 1900 1516 1970 abba-

421 2013 489 2076 tem
508 2010 541 2076 et
556 2027 621 2098 per
637 2003 796 2074 homines
814 2025 909 2075 suas.
955 2001 1043 2072 [tem
1062 1999 1158 2094 quod
1175 1999 1321 2093 quanda
1341 2023 1405 2072 rec
1421 2002 1519 2074 misit

421 2105 562 2177 stolium
588 2106 624 2174 in
650 2103 878 2194 Romaniam,
908 2102 1030 2172 abbas.
1045 2101 1249 2190 Casiuensis
1275 2099 1371 2172 dedit
1387 2099 1517 2172 milites

423 2205 566 2276 domino
586 2205 671 2297 repi,
690 2205 814 2294 etipse
832 2201 972 2296 collepit
986 2223 1051 2294 per
1069 2199 1254 2270 abbatiam
1272 2199 1437 2292 solidas·,

497 2305 559 2376 tibi
573 2309 607 2375 et
619 2305 838 2374 monasterio
852 2308 913 2373 tua
926 2301 1090 2374 ducimus
1105 2299 1365 2386 confirmanda.
1396 2299 1517 2387 Quare
1647 2347 1649 2366 i

424 2404 642 2476 mandamus
659 2403 820 2489 fidelitati
838 2407 905 2492 tue,
932 2405 1106 2495 quatenus
1131 2399 1233 2472 dictis
1250 2399 1386 2472 iuribus
1404 2407 1439 2472 et
1455 2423 1516 2471 ra-

424 2503 577 2576 tionibus
600 2526 665 2596 per
690 2509 722 2572 te
748 2508 781 2572 et
807 2504 986 2588 officiatos
1009 2507 1089 2572 tuos
1108 2502 1159 2570 uti
1177 2499 1319 2592 debeas,
1345 2503 1437 2572 sicut
1448 2524 1517 2594 per

424 2605 691 2700 inquisitionem·
712 2605 829 2695 ipsam
861 2601 1011 2696 lepitime
1042 2608 1123 2672 sunt
1151 2601 1318 2693 probata.
1381 2601 1516 2672 Datum

423 2706 532 2799 Fopie
551 2709 613 2775 etc.
1094 2727 1097 2732 ·

499 2803 657 2876 Indulxit
682 2814 772 2875 tunc
796 2803 906 2874 etiam
927 2801 1131 2898 imperator
1148 2801 1221 2898 ipsi
1240 2801 1438 2876 Casinensi
1457 2805 1519 2876 ab·

426 2903 521 2997 bati,
557 2915 597 2975 ut
624 2903 798 2974 homines
825 2913 925 2974 terre
952 2925 1020 2974 sue
1048 2901 1129 2998 ipse
1157 2901 1322 2974 mitteret
1350 2905 1395 2976 ad
1422 2925 1518 2999 opus

429 3003 570 3076 castelli
591 3002 736 3096 Gaiete,
762 3002 857 3075 sicut
881 3026 949 3099 per
974 3002 1195 3074 Pandulfum
1222 3012 1259 3074 et
1278 3003 1519 3097 Robbertum,

428 3103 599 3176 dominos
621 3103 766 3199 Aquini,
793 3104 976 3176 hactenus
997 3101 1246 3175 mittebantur.

504 3203 690 3276 Honorius
718 3228 814 3300 papa
834 3203 990 3278 Iohanni
1015 3203 1095 3298 regi
1115 3207 1302 3299 quondam
1323 3203 1521 3276 lherosoli-

430 3303 570 3376 mitano
595 3328 662 3402 pro
689 3304 763 3378 vite
784 3327 852 3378 sue
872 3303 1145 3378 sustentatione
1164 3313 1303 3375 terram
1324 3304 1524 3377 committit

430 3404 591 3476 ecclesie
610 3430 631 3476 a
653 3405 798 3478 Viterbo
818 3429 937 3502 usque
957 3407 1002 3476 ad
1022 3415 1189 3475 montem
1209 3405 1236 3476 F
1237 3405 1442 3476 lasconem.

505 3505 688 3578 Henricus
717 3507 762 3577 de
788 3507 911 3576 Merra
937 3505 1120 3601 magister
1144 3503 1361 3578 iustitiarius
1388 3505 1522 3578 actori-

430 3607 528 3676 tatel
555 3605 751 3702 imperiali,
780 3616 908 3677 contra
933 3605 1164 3678 forbannitos
1191 3615 1229 3677 et
1251 3606 1399 3678 lusores
1418 3605 1524 3678 taxil-

430 3705 566 3801 lorum,
597 3717 633 3777 et
661 3717 794 3778 euntes
814 3705 1005 3777 nocturnis
1025 3707 1126 3778 horis
1147 3716 1234 3803 post
1250 3707 1401 3780 tertium
1422 3731 1524 3780 cam·

434 3830 530 3902 pane
550 3805 727 3899 sonitum,
747 3831 813 3876 sua
830 3815 965 3878 statuta
983 3806 1094 3878 edidit
1108 3807 1143 3878 in
1160 3807 1297 3879 Sancto
1313 3807 1525 3902 Germano,

433 3917 470 3977 et
485 3917 611 3978 cantra
628 3906 859 3978 tabernarios
872 3906 997 4001 etiarn,
1014 3910 1107 3978 utad
1120 3909 1326 3980 secundum
1338 3930 1525 4006 campane

435 4007 596 4078 sonitum
613 4007 786 4078 claudant
803 4011 978 4080 tabernas
999 4032 1102 4103 suas,
1122 4007 1168 4080 ita
1191 4011 1287 4104 quod
1308 4012 1353 4082 ad
1372 4010 1526 4082 tertium

434 4164 461 4298 Et)
479 4164 518 4286 stc
536 4160 607 4282 {orte
626 4163 780 4228 tepentium?
798 4167 825 4213 r'u
845 4163 934 4216 codice
954 4171 979 4213 et
998 4163 1054 4230 ipse
1073 4180 1121 4231 pra
1142 4161 1179 4214 eis
1200 4163 1306 4232 collegit
1326 4181 1372 4232 prr
1392 4163 1529 4215 abbatem.

480 4247 516 4284 ra
556 4271 562 4283 .
