3352 5026
447 411 517 488 ldl
646 412 930 486 utccattuus
954 413 1018 486 Du
1044 413 1081 486 S.
1107 413 1339 486 dunstano

446 615 585 686 deiide
603 635 718 709 quam
738 611 963 685 sufficientia
987 614 1061 684 iarn
1079 614 1166 685 dicti
1184 613 1405 686 Casinensis
1432 611 1543 683 electi

447 736 515 811 per
544 713 714 810 singulos
746 713 794 785 dc
825 714 959 786 castris
990 713 1150 810 singulis
1182 716 1229 785 ad
1261 739 1304 785 se
1336 717 1406 786 sub
1438 723 1542 784 certo

447 837 604 886 numero
627 825 782 886 vocatos
806 815 995 909 homines,
1021 837 1169 886 necnon
1196 826 1235 886 et
1260 818 1307 887 dc
1330 814 1454 906 Atina,
1479 812 1540 885 ubi

445 939 488 987 se
502 925 675 1012 tempore
689 914 874 988 discordie
892 916 991 988 inter
1003 916 1206 988 ecclesiam
1220 926 1259 987 et
1271 915 1539 1013 imperatorem

444 1027 655 1112 receperat,
682 1015 963 1113 inquisitionem
989 1017 1116 1088 facere
1143 1016 1286 1088 studuit
1302 1016 1539 1112 diligentem3

443 1137 558 1214 quarn
583 1115 620 1186 in
640 1115 790 1214 scriptis
809 1119 1014 1211 redactam,
1040 1120 1087 1190 ad
1106 1120 1261 1189 eosdem
1281 1117 1452 1188 dominos
1471 1139 1540 1212 per

444 1216 669 1313 magistrum
685 1217 890 1289 'l'errisium
905 1219 1070 1290 deAtino
1082 1218 1239 1313 remisit,
1253 1220 1299 1289 ad
1314 1242 1409 1314 quos
1425 1215 1538 1288 etiam

443 1318 560 1389 frater
572 1317 760 1390 lohannes
776 1321 822 1390 de
836 1319 975 1392 Sancto
990 1319 1181 1391 Germano
1196 1329 1235 1391 et
1248 1319 1431 1415 magister
1443 1317 1538 1410 Ray·

442 1421 604 1491 mundus
637 1418 747 1490 iudex
779 1429 817 1491 et
847 1423 1052 1492 advocatus
1078 1419 1299 1492 Casinensis
1326 1423 1466 1490 vadunt
1491 1439 1537 1488 ex

441 1529 550 1617 parte
576 1529 803 1614 conventus3
839 1532 877 1592 et
903 1524 1110 1618 approbata
1138 1543 1208 1617 per
1232 1520 1337 1616 ipsos
1363 1517 1535 1592 dominos

442 1619 681 1718 inquisitione
700 1620 796 1717 ipsa,
815 1621 1040 1693 electionem
1059 1621 1197 1692 iactam
1217 1623 1264 1693 de
1282 1620 1448 1718 predicto
1465 1619 1536 1690 fra·

440 1731 498 1792 tre
524 1720 703 1792 Pandullo
729 1721 829 1792 iuxta
854 1723 1072 1792 mandatum
1105 1722 1248 1794 cesaris
1280 1730 1535 1818 acceptarunt

515 1819 657 1893 Eodem
683 1845 816 1893 mense
835 1821 997 1894 'lacobus
1025 1825 1072 1894 de
1099 1822 1238 1893 Molino
1265 1832 1398 1920 captus
1418 1845 1439 1892 a
1458 1845 1535 1892 ma·

439 1921 557 2017 gistro
583 1920 778 1993 iustitiario
806 1932 961 2020 propter
986 1945 1091 1994 arma
1120 1924 1303 2020 prohibita
1323 1934 1361 1994 et
1385 1921 1534 1994 seditio-

439 2045 528 2092 nem
554 2021 706 2118 lactam,
734 2023 1000 2096 custodiendus
1026 2023 1184 2098 traditur
1209 2023 1247 2095 in
1267 2023 1422 2096 castello
1440 2023 1534 2094 Nea·

439 2122 538 2220 poly‚
557 2133 594 2194 et
613 2124 781 2195 nonnulli
799 2125 859 2194 alii
879 2124 1047 2197 seditiosi
1066 2125 1276 2222 capiuntur,
1295 2127 1393 2196 etad
1408 2133 1532 2196 castra

438 2224 509 2296 alia
528 2223 566 2296 in
585 2223 759 2321 captione
779 2225 985 2297 mittuntur.

512 2325 592 2396 Hoc
617 2347 716 2396 anno
741 2325 928 2398 lohannes
951 2351 1017 2398 rex
1036 2329 1224 2423 quondam
1241 2324 1532 2397 lherosolimita·

437 2444 508 2496 nus
527 2435 618 2523 aput
635 2425 997 2524 Constantinopolim
1017 2437 1150 2499 nature
1169 2426 1367 2499 concessit.
1400 2425 1531 2498 Mense
1660 2447 1661 2477 ³

435 2524 539 2596 tulii·
573 2526 731 2597 Rotnani
765 2527 889 2624 plebei
921 2529 1102 2625 populum
1135 2529 1368 2599 concitantes
1402 2537 1531 2599 contra

434 2623 642 2698 iohannem
660 2629 706 2699 de
725 2627 814 2722 Poly
829 2639 1047 2714 senatorem
1061 2629 1182 2723 Urbis,
1201 2630 1326 2726 ipsum
1341 2627 1530 2700 senatorie

435 2726 606 2824 dignitati
625 2731 760 2801 cedere
780 2730 1054 2826 compulerunt,
1082 2741 1121 2802 et
1145 2730 1351 2802 iohannem
1371 2731 1417 2802 de
1435 2729 1530 2802 Cen·

434 2827 493 2900 cio
508 2828 782 2902 substituerunt
792 2829 934 2925 cidem3
949 2834 1210 2929 propterquod
1222 2831 1354 2903 seditio
1369 2840 1406 2902 et
1416 2832 1529 2901 cedes

434 2929 551 3001 multa
572 2930 668 3001 lacta
689 2940 749 3002 est
767 2931 906 3028 populi,
934 2955 1020 3003 cum
1046 2933 1144 3004 idem
1169 2933 1355 3004 lohannes
1375 2935 1421 3004 de
1440 2931 1530 3024 Poly

435 3052 478 3100 se
505 3029 542 3099 in
568 3030 660 3100 turri
686 3053 754 3101 sua
782 3032 970 3128 receperit
992 3043 1121 3105 contra
1139 3034 1331 3105 Romanos
1357 3043 1394 3105 et
1419 3055 1529 3103 sena·
1659 3035 1660 3050 ³

434 3137 556 3200 torem
581 3128 650 3200 sibi
677 3131 940 3227 substitutum,
974 3143 1010 3205 et
1035 3134 1174 3206 bellum
1201 3143 1331 3205 contra
1358 3157 1422 3204 eos
1449 3155 1529 3202 rno-

433 3227 528 3301 verit
545 3229 783 3328 intestinum5
801 3235 1030 3331 tandemque
1049 3259 1121 3331 pax
1140 3235 1341 3307 reformata
1359 3241 1417 3306 est
1430 3233 1529 3304 inter

433 3353 513 3426 eos,
527 3331 564 3403 in
579 3343 714 3404 senatu
729 3336 775 3406 de
791 3357 981 3407 consensu
995 3335 1070 3408 iam
1085 3335 1171 3408 dieti
1186 3335 1362 3408 Iohannis
1377 3338 1424 3407 de
1437 3333 1528 3428 Poly

432 3431 598 3505 lohannc
617 3436 664 3506 de
683 3434 821 3508 Cencio
841 3447 1074 3510 remanente.

508 3534 639 3607 Mense
658 3535 817 3632 Augusti
844 3559 911 3634 pro
930 3536 1214 3611 confirmatione
1234 3537 1429 3610 electionis
1449 3535 1525 3607 iarn

431 3631 518 3706 dicti
535 3634 658 3708 fratris
674 3634 842 3708 Pandulli
860 3639 1063 3733 optinenda
1082 3663 1103 3709 a
1120 3661 1233 3738 papa,
1252 3642 1392 3711 vadunt
1410 3638 1528 3709 frater

430 3733 617 3809 Berardus
636 3739 683 3809 de
702 3736 865 3832 BabucQ
884 3739 1000 3812 frater
1014 3740 1201 3813 lohannes
1220 3742 1266 3811 de
1280 3739 1419 3814 Sancto
1434 3738 1526 3811 Ger-

431 3857 556 3930 mano,
583 3837 700 3910 irater
718 3838 923 3935 Gregorius
949 3844 995 3913 de
1018 3841 1156 3914 Sancto
1175 3841 1382 3938 stephano,
1408 3840 1527 3910 frater

430 3936 647 4035 Stephanus
672 3941 718 4010 de
744 3940 921 4014 Corvario
956 3952 995 4014 et
1025 3943 1209 4039 magister
1234 3941 1449 4036 Raynaldus
1477 3942 1524 4010 de
1658 3975 1659 3986 κ

429 4036 547 4130 Cayra
563 4038 672 4111 iudex
689 4051 724 4111 et
740 4044 943 4114 advocatus
959 4042 1178 4118 Casinensis
1197 4053 1286 4141 aput
1301 4041 1526 4131 Viterbium3

429 4137 692 4234 quiquoniam
722 4142 892 4240 optinere
918 4143 1018 4216 illam
1046 4167 1120 4216 non
1148 4154 1349 4242 potuerunt
1378 4167 1397 4213 a
1426 4167 1524 4238 papa

428 4259 453 4328 a)
474 4277 508 4313 tn.
531 4261 550 4314 1.
570 4266 596 4314 la
616 4269 732 4332 incorpore
