3352 5026
357 358 641 436 RYCCARDUS
669 357 730 430 DE
757 355 793 428 S.
821 355 1062 428 cannino.

333 561 491 634 Quantum
515 557 554 618 sit
576 556 645 618 vilis
667 555 804 618 hominis
826 555 969 637 dignitas,

377 643 414 702 Et
437 661 530 722 quam
553 641 673 701 caduca
695 640 735 701 sit
757 642 822 701 eius
845 638 971 715 sanitas,

377 725 477 786 Docet
500 723 551 804 qui
575 723 658 796 dicit,
681 723 742 786 hoc
765 722 850 784 dedit
873 721 960 796 vitas,

298 868 304 883 ,
377 809 453 870 Nam
478 806 700 869 omnishomo
725 807 832 869 vivens
856 814 902 868 est
925 806 1052 871 vanitas.

337 893 424 954 Vana
448 898 495 953 est
516 891 602 952 satus
626 899 657 951 ct
679 897 777 953 status
800 890 947 965 hominis,

381 976 485 1037 Vanus
508 982 555 1036 ost
577 975 673 1036 decor
696 983 726 1037 et
748 974 996 1056 pulchritudinis,

379 1059 473 1120 Fiiius
496 1058 577 1118 enirn
602 1067 651 1120 est
671 1059 739 1120 Ade
761 1057 899 1134 seminis,

379 1142 439 1216 Qui
462 1161 622 1222 nunquam
645 1142 724 1202 sistit
746 1141 865 1203 eisdem
889 1143 1039 1207 terminis.

339 1225 373 1286 in
397 1225 448 1286 die
469 1225 551 1286 iovis
574 1225 684 1284 ultimo
708 1223 787 1298 iulii,

381 1309 452 1382 Quo
476 1307 558 1368 celsa
581 1307 647 1386 poti
671 1306 737 1367 vise
759 1307 857 1368 ambit
879 1306 991 1368 Cintbii

380 1393 455 1452 Post
478 1397 634 1470 sumptum
659 1389 818 1452 modicum
842 1391 929 1471 quod
952 1391 1047 1453 edulii

385 1474 452 1534 Hoc
474 1472 549 1554 mjhi
572 1474 685 1535 accidit
706 1473 880 1538 infortunii.

342 1558 441 1618 Sanus
465 1562 497 1616 ut
519 1577 604 1619 eram
629 1565 659 1619 et
681 1558 748 1618 sine
771 1557 856 1629 vitio,

384 1640 502 1702 Caianri
526 1658 639 1703 vacans
661 1640 693 1700 in
716 1641 876 1716 exercitio,

384 1725 457 1786 Mox
480 1725 631 1786 alteratur
652 1743 728 1786 sana
751 1725 901 1800 conditio,

383 1809 421 1869 Et
444 1807 477 1869 fit
498 1807 632 1882 infirma,
656 1808 742 1891 quod
764 1810 807 1872 ita
829 1810 941 1875 sentio.

342 1892 438 1972 Rigor
461 1912 517 1971 per
541 1895 680 1953 membra
703 1911 737 1953 sa
761 1895 842 1971 cepit
864 1893 1006 1964 tundere,

385 1975 445 2046 Qui
469 1994 519 2034 me
541 1975 702 2054 competiit
723 1974 851 2034 invitum
875 1984 1019 2050 tremere,

385 2055 479 2118 Cuius
502 2063 534 2116 ut
557 2076 682 2136 possem
706 2055 765 2116 vim
789 2058 817 2116 vi
841 2058 996 2136 repellere

386 2137 508 2219 Corpus
530 2139 655 2200 decrevi
680 2139 813 2218 pellibus
836 2148 951 2216 tegere.

348 2221 411 2282 Sub
435 2230 615 2302 tegumento
637 2222 779 2283 iacebam
803 2224 939 2297 abditus,

388 2306 502 2386 Meque
524 2307 652 2367 fovebat
673 2305 781 2368 senilis
804 2307 913 2382 alitus3

388 2388 439 2450 Sic
460 2389 682 2450 tremebundus
705 2396 737 2450 et
759 2399 842 2458 totus
864 2390 1015 2470 hispidus,

389 2473 475 2534 Duro
499 2475 570 2554 ptus
594 2492 678 2534 eruin
702 2472 805 2552 lapide
828 2473 975 2553 frigidus?

347 2556 493 2639 Sequitur·
515 2557 611 2632 calor,
635 2565 664 2616 et
686 2556 773 2638 rigor
796 2559 954 2637 praeterit,

391 2641 503 2702 Omnia
527 2639 610 2701 senis
635 2659 707 2700 ossa
731 2642 783 2721 qui
807 2641 959 2713 conterit;

391 2725 458 2784 Neu
483 2733 585 2786 tamen
608 2724 677 2804 ipse
701 2743 750 2784 me
773 2723 858 2803 prius
881 2724 1007 2798 deserit,

391 2808 501 2868 Donec
523 2808 673 2870 adversus
696 2827 730 2869 se
752 2808 850 2869 sudor
871 2808 993 2888 ingerit.

349 2891 419 2953 Hoc
442 2911 480 2951 eo
504 2892 555 2953 die
577 2892 718 2974 sequenti
742 2891 888 2968 abstinui,

393 2977 430 3036 Et
453 2976 522 3038 luce
544 2977 635 3039 tertia
649 2973 734 3036 'mihi
758 2976 866 3051 minui,

394 3061 543 3140 Regulam
566 3073 669 3122 tamen
692 3059 722 3120 in
747 3060 822 3122 cibis
846 3062 941 3136 tenui,

392 3144 453 3206 Sed
477 3165 540 3206 nou
565 3145 691 3225 peccavi
716 3145 798 3204 dieta
824 3145 918 3207 tenui.

352 3227 398 3286 Nil
421 3227 497 3285 mihi
519 3231 640 3287 confert
662 3227 715 3286 iila
739 3227 880 3298 minutio,

394 3308 456 3366 Sed
480 3307 514 3365 fit
537 3307 701 3366 humorum
726 3307 827 3367 maior
849 3307 977 3380 solutio,

394 3390 431 3448 Et
454 3397 526 3448 tunc
550 3395 613 3449 non
637 3388 681 3448 fui
705 3389 786 3450 nitra
808 3388 840 3448 in
865 3389 940 3464 otio,

395 3473 466 3546 Quo
490 3473 534 3533 sic
556 3480 603 3533 est
624 3471 706 3533 facta
729 3472 888 3551 sanguinis
911 3474 1019 3536 motio.
1101 3487 1103 3495 ⁴

355 3555 429 3616 Nanr
453 3558 482 3615 in
508 3575 557 3616 rne
579 3556 660 3636 iugis
683 3556 772 3616 calor
794 3558 953 3634 exuberat,

397 3639 444 3698 Fit
467 3638 561 3700 febris
583 3639 709 3718 dupiex',
734 3657 816 3721 quae
838 3641 972 3721 simplex
996 3639 1105 3712 iuerat,

396 3722 542 3783 Miserum
567 3743 684 3798 senem,
710 3730 742 3784 ut
765 3723 863 3804 inagis
887 3732 1028 3786 conterat

396 3805 555 3886 Quidquid
580 3807 741 3886 praecedit
764 3808 813 3869 vix
835 3807 1078 3886 frigustoierat.

355 3889 402 3948 nd
426 3890 626 3951 dividendam
651 3891 751 3952 morbi
775 3890 957 3952 discursioni

399 3973 431 4034 in
457 3977 540 4034 omni
566 3993 656 4034 inane
678 3996 801 4040 summo
825 3973 1055 4038 oxizaccaris⁶²

188 4186 239 4268 62)
265 4189 510 4269 oxysaccbarum
535 4188 622 4267 potio
645 4205 680 4248 ex
705 4198 860 4272 eggehardi
886 4195 917 4245 et
940 4189 1028 4243 aceto
1053 4185 1236 4264 composita.
