3352 5026
603 375 644 446 A.
677 376 782 452 1234.
1174 369 1244 456 125

151 577 267 652 multa
287 577 401 650 millia
422 574 547 646 ovium
566 573 603 646 in
622 575 756 672 Apulia
776 586 1025 672 morerentur,
1051 577 1244 652 silvestres

150 681 263 753 etiam
283 678 402 752 bestie
431 685 468 748 et
495 675 578 772 ipse
605 676 779 748 uolucres
807 699 874 774 pre
902 677 1002 750 farne
1028 675 1245 772 delicer,ent

149 791 188 854 et
216 802 289 877 quo
316 801 358 850 se
384 785 577 848 verterent
602 776 833 890 ignorarent,
862 799 945 850 cum
974 776 1108 874 ubique
1131 787 1244 850 terra-

104 973 108 980 ,
149 905 232 952 rum
258 878 320 950 nix
349 887 473 972 esset,
501 875 647 975 etipsa
672 877 786 950 etiam
813 875 966 950 flumina
994 877 1132 950 fuerint
1158 901 1244 952 con·

148 981 293 1078 gelata,
320 989 358 1051 et
386 931 498 1050 etiain
527 982 623 1075 quod
651 978 749 1051 olive
778 988 815 1050 et
841 977 913 1050 alie
939 983 1094 1054 arbores
1119 977 1244 1052 fructi·

148 1083 227 1158 lere
243 1080 407 1152 arefacte
424 1089 554 1152 essent
568 1102 614 1151 ex
627 1079 766 1176 gelu
731 1079 859 1175 nrnrio,
878 1079 1050 1154 homines
1066 1083 1243 1178 despera·

146 1183 269 1256 biliter
287 1189 576 1254 murmurarent.

223 1283 431 1378 Imperator
456 1282 501 1352 de
519 1279 652 1376 Apulia
672 1279 775 1350 venit
793 1279 829 1351 in
848 1289 987 1352 terram
1007 1279 1176 1374 Laboris,
1204 1290 1241 1354 et
1269 1285 1333 1413 Ca,-

146 1396 235 1458 tunc
260 1387 306 1454 ab
331 1381 402 1454 ista
429 1391 535 1478 parte
554 1381 682 1478 Capue
700 1378 781 1452 fieri
801 1403 916 1492 super
934 1390 1087 1477 pontem
1109 1369 1304 1485 castel-{J

144 1487 223 1558 lum
241 1483 356 1568 iubet
384 1481 508 1578 quod
499 1503 582 1578 rpse
602 1504 716 1552 manu
735 1481 885 1578 propria
905 1479 1151 1576 consignavit.
1199 1433 1298 1554 lnlu
1260 1523 1340 1574 super

144 1583 312 1682 Neapoly
327 1581 439 1656 etiam
459 1580 705 1652 munitionem
724 1581 862 1653 factam
883 1580 1040 1679 precipit
1059 1580 1239 1678 ampliari.
1262 1595 1335 1648 νοι-

145 1685 259 1784 Operi
280 1683 422 1756 castelli
438 1684 483 1754 de·
499 1683 640 1794 Capua,
656 1692 694 1753 ut
712 1681 820 1754 citius
837 1681 902 1754 liat
887 1682 1109 1780 t,preponit
1121 1668 1326 1777 Nym-⁰⁰¹
1249 1659 1287 1776 εξ
1273 1741 1325 1794 „u
1309 1740 1343 1774 u,

142 1789 243 1859 laum
266 1787 311 1856 de
329 1783 468 1882 Cicala,
488 1782 545 1854 cui
564 1805 699 1854 omnes
716 1781 817 1856 iubet
831 1735 1025 1856 intendere
1039 1807 1062 1856 a
1075 1782 1238 1856 bliniano
1279 1797 1317 1850 nr

144 1910 263 1985 usque
279 1887 458 1984 Capuam.
489 1883 530 1956 ln
546 1883 678 1956 Gaieta
697 1909 764 1980 pro
779 1885 1006 1982 imperatore
1023 1908 1090 1981 per
1104 1884 1238 1958 Hecto-

142 2012 221 2061 rem
242 1989 287 2058 de
305 1987 431 2058 ltlonte
445 1985 602 2056 Fuscolo
622 1985 702 2056 fere
721 1987 770 2057 30
788 1995 911 2058 turres
931 1984 1199 2058 custodiuntur.

215 2087 349 2158 Mense
367 2085 479 2156 bladii
497 2083 703 2182 imperator
721 2108 789 2180 per
807 2085 988 2156 Sanctum
1005 2084 1237 2156 Germanum

139 2189 285 2261 habens
304 2184 518 2280 transitum,
545 2194 635 2282 aput
661 2185 777 2256 Reate
806 2187 851 2256 ad
877 2207 1014 2281 papam
1033 2183 1145 2278 vadit,
1173 2187 1236 2256 du

141 2309 232 2359 cens
257 2307 388 2358 secum
414 2285 627 2358 Conradum
651 2281 768 2356 filium
796 2309 920 2378 suum,
949 2293 986 2356 et
1013 2307 1056 2356 se
1085 2287 1130 2356 ad
1157 2307 1235 2358 ser-

140 2386 271 2459 vitium
298 2384 460 2458 ecclesie
485 2409 679 2482 exponens
707 2393 835 2457 contra
862 2385 1065 2458 Romanos
1112 2384 1234 2482 lnqui-

141 2489 225 2562 sitio
250 2484 292 2558 fir
316 2485 545 2593 imperatore
569 2489 772 2559 mandante
796 2490 842 2558 de
862 2510 977 2584 opere
996 2485 1124 2560 Sancti
1143 2485 1232 2559 Ger·

140 2588 241 2661 mani
261 2612 328 2686 per
341 2583 462 2660 'totam
482 2586 669 2660 abbatiam
688 2612 756 2685 per
771 2586 931 2660 iudicem
949 2587 1170 2660 Adenullum
1186 2589 1231 2660 de

138 2690 281 2764 Suessa
301 2700 339 2762 et
356 2687 518 2760 iudicem
537 2688 722 2761 Thomam
740 2691 786 2760 de
806 2689 972 2760 Caserta

213 2791 317 2863 Tunc
343 2790 549 2887 imperator
574 2798 664 2886 aput
690 2789 807 2862 Reate
826 2788 969 2860 faciens
988 2811 1149 2882 moram,
1176 2809 1231 2858 re-

139 2891 285 2964 vocavit
312 2893 357 2963 ad
383 2915 478 3005 optus
499 2915 608 2964 suurn
629 2889 802 2986 quicquid
820 2888 1041 2961 turbationis
1060 2898 1231 3000 tempore

137 2995 182 3066 de
208 2991 316 3090 regni
337 2991 578 3091 pertinentiis
604 3000 881 3088 occupaverant
900 2989 1058 3086 Reatini,
1086 2987 1230 3086 etipse

137 3117 221 3167 cum
242 3103 357 3190 gente
372 3119 442 3168 sua
456 3119 529 3166 una
545 3117 630 3166 curn
646 3091 827 3188 magistro
842 3091 1027 3186 Raynerio
1042 3088 1229 3162 cardinale

137 3217 180 3266 se
198 3195 404 3266 viterbium
431 3195 595 3286 confert,
621 3191 788 3306 predicto
818 3192 1016 3264 Chonrado
1042 3189 1116 3262 lilio
1147 3213 1228 3282 suo,

137 3304 174 3365 et
201 3293 263 3388 qui
291 3317 375 3364 cum
405 3319 449 3366 eo
469 3318 590 3390 usque
609 3295 726 3365 Reate
744 3293 903 3388 iverant,
930 3289 1199 3365 redeuntibus
1190 3313 1227 3360 ιιι

135 3416 309 3489 regnum,
324 3393 552 3489 rmperatore
565 3395 778 3466 mandante
804 3389 1227 3488 EttuncaputRaspan-

134 3516 289 3606 panum,
317 3493 413 3588 quod
432 3493 591 3566 Romani
611 3494 883 3589 custodiebant,
909 3491 1142 3566 obsidionem
1163 3512 1226 3587 po·

134 3593 188 3665 nit
214 3595 260 3664 de
289 3592 487 3667 cardinalis
513 3593 668 3667 consilio
695 3595 915 3692 imperator,
951 3593 1012 3666 ubi
1039 3614 1108 3688 per
1131 3593 1225 3662 duos

133 3711 288 3766 menses
307 3693 450 3767 taciens
471 3719 616 3768 moram
637 3719 721 3767 cum
740 3695 777 3767 in
798 3695 980 3794 capiendo
1000 3701 1122 3765 castro
1142 3691 1225 3788 ipso

131 3819 207 3868 non
226 3791 440 3892 prolicer
391 3805 427 3867 et
459 3817 592 3869 mense
611 3795 873 3894 Septembris
864 3820 901 3868 ιιι
920 3815 1081 3891 regnum
1099 3815 1224 3863 rever-

132 3921 197 3970 sus
218 3905 278 3969 est
295 3897 510 4009 imperator.

205 3995 281 4070 lllis
306 3996 436 4072 diebus
462 3999 549 4071 dum
569 3998 774 4095 imperator
792 4006 897 4070 esset
915 3997 1045 4087 Reate,
1073 3993 1222 4092 quidam

131 4097 354 4171 Gualterus
379 4102 425 4172 de
443 4100 608 4193 Aversa,
636 4101 793 4170 credens
819 4095 1034 4194 imperatori
1060 4095 1222 4193 placere,

129 4219 154 4288 a)
175 4215 286 4276 Gualter
305 4240 328 4276 c.
348 4239 459 4292 teutpert
