3326 5022
603 453 644 530 A.
675 455 781 532 1226.
884 489 889 498 ·
1198 459 1242 533 61

151 656 347 731 mittuntur
371 656 416 728 ad
446 679 582 754 papam
608 681 674 753 pro
701 657 972 755 compositione
1000 657 1245 756 interipsum

153 770 190 832 et
207 760 438 832 Lombardos
457 757 638 830 facienda.
679 757 779 829 lnter
798 783 905 855 quos,
929 758 1117 830 mediante
1136 783 1246 856 papa,

151 861 248 933 faeta
266 858 375 930 estin
391 857 490 931 huno
505 859 676 930 modum:
691 859 812 955 quod
803 870 1008 957 imperator
1018 859 1247 956 generaliter

153 959 307 1032 remittit
337 959 510 1030 omnibus
539 959 713 1072 predictis
742 959 950 1032 civitatibus
961 959 1135 1056 legatis
1164 984 1246 1058 pre-

152 1059 321 1132 sentibus
349 1058 505 1130 ibidem
544 1069 581 1132 et
605 1059 676 1158 ipsi
703 1084 769 1172 pro
797 1071 903 1158 parte
931 1060 1121 1132 civitatum
1149 1059 1245 1133 iura·

151 1171 285 1232 verunt
311 1183 442 1257 paoem
463 1160 559 1231 inter
578 1184 619 1232 se
639 1160 800 1232 invicem
821 1165 1038 1256 observare,
1065 1171 1101 1232 et
1120 1165 1244 1235 denuo

153 1259 388 1333 committere
408 1284 493 1331 oum
514 1263 676 1332 domno·
700 1259 928 1358 imperatore
948 1261 1085 1333 milites
1106 1266 1179 1337 400
1198 1265 1243 1336 ad

153 1360 361 1433 subsidium
380 1370 479 1431 terre
501 1371 631 1432 sancte
650 1361 686 1430 in
707 1361 1012 1434 transfretatione
1032 1385 1111 1433 sua.

225 1461 1243 1558 imperatormenseDecembriscumimperatriceoon-

151 1571 253 1634 sorte
279 1585 346 1633 sua
373 1561 409 1632 in
435 1559 598 1634 Siciliam
623 1561 853 1656 transfretat,
882 1571 920 1634 et
943 1573 1031 1633 tuno
1049 1562 1243 1660 Stephano

149 1661 272 1736 abbati
292 1661 489 1734 Casinensi
508 1663 577 1734 has
597 1661 827 1758 indulgentie
846 1662 990 1735 litteras
1009 1661 1135 1736 mittit:

223 1761 434 1834 Fredericns
460 1768 523 1833 etc.
550 1761 732 1856 Stephano
759 1763 950 1834 venerabili
971 1764 1156 1837 Catinensi
1180 1763 1243 1834 ab·

144 1863 233 1955 irati,
260 1861 355 1950 fideli
371 1885 436 1934 suo
457 1867 519 1934 etc.
568 1862 747 1934 Fideiitati
764 1870 820 1935 tue
835 1864 1057 1957 presentibus
1081 1862 1243 1934 volumus

148 1985 223 2035 ease
248 1969 381 2056 nobem,
408 1962 505 2058 qnod
528 1963 580 2034 ad
600 1962 892 2057 supplicationem
911 1971 1027 2058 tuam,
1053 1987 1161 2059 qaam
1178 1986 1243 2056 per

148 2063 296 2134 iudicem
323 2063 464 2134 Petrum
490 2063 533 2134 de
558 2061 694 2134 Sancto
714 2064 893 2135 Germano
917 2064 1053 2152 fidelem
1079 2071 1242 2135 nostrum

147 2169 272 2236 nostro
291 2163 435 2234 culmini
450 2165 651 2256 porrecisti,
666 2165 853 2256 petitiones
870 2169 954 2235 tuos
972 2164 1158 2236 clementer
1177 2161 1241 2234 od-

148 2265 319 2356 misimns,
345 2285 517 2355 supereo
544 2262 712 2355 videlicet,
739 2262 837 2358 qaod
863 2265 1010 2358 atrtipua
1029 2266 1112 2334 iura
1132 2269 1166 2333 et
1181 2285 1241 2332 ra·

147 2366 278 2455 tiones,
311 2361 436 2456 quibas
461 2367 618 2456 ternpore
644 2363 738 2456 repis
764 2362 936 2434 Gniiieimi
962 2361 1146 2434 recolende
1170 2386 1240 2434 me·

146 2464 258 2534 morie
271 2468 368 2532 raom
383 2464 638 2534 monasterium
653 2469 707 2534 est
715 2465 910 2558 provisum,
925 2463 987 2534 tibi
996 2465 1239 2556 etipsimona·

146 2565 253 2635 sterio
268 2583 482 2634 conservare
496 2563 538 2634 de
551 2563 678 2634 ¹nostra
692 2565 813 2657 pratia
834 2563 1076 2658 dipnaremur.
1114 2562 1238 2635 Verum

146 2665 231 2758 qaia
255 2663 298 2734 de
325 2665 411 2754 ipsis
431 2663 566 2734 iuribus
591 2670 625 2734 et
641 2665 841 2736 rationibus
859 2687 929 2735 non
948 2664 1149 2755 constabat,
1173 2688 1239 2756 per

144 2763 287 2834 Petram
314 2761 357 2834 de
382 2761 496 2834 Ebulo
524 2769 559 2833 et
583 2763 783 2856 Nycoianm
811 2762 854 2835 de
882 2763 1004 2836 Cicala
1029 2765 1239 2834 iustitiarios

145 2869 238 2934 terre
251 2862 404 2934 Laboris
417 2865 673 2958 inquisitionem
687 2866 764 2950 fieri
775 2865 925 2980 fecimus
939 2863 1132 2959 diiipenter.
1158 2863 1237 2952 Oua

144 2963 364 3036 clementer
352 2969 522 3056 raspert,
488 2988 510 3033 a
550 2971 584 3034 et
596 2989 664 3058 per
681 2963 813 3036 iudices
831 2965 926 3036 curie
943 2970 1064 3036 nostre
1083 2963 1239 3058 dilipenti

141 3065 340 3159 provisione
365 3061 540 3156 discussa
569 3064 728 3168 capitula
753 3088 818 3160 pue
836 3066 984 3150 inferius
1002 3071 1086 3137 cont
1071 3067 1235 3158 tiaratae,

143 3169 234 3237 sicut
251 3163 346 3260 iepit
335 3187 401 3234 aare
419 3170 501 3236 sunt
512 3151 686 3282 probata,
706 3164 883 3236 videlicet:

221 3263 352 3353 Ouodt
351 3287 494 3358 empore
507 3267 601 3359 repis
615 3265 788 3338 Gailieimi
804 3266 961 3354 secundi,
980 3266 1093 3338 darn
1081 3289 1156 3358 ipse
1174 3289 1238 3336 rec

141 3389 257 3437 cansa
276 3365 452 3435 orationis
469 3367 617 3436 venisset
636 3366 686 3436 ad
702 3367 958 3436 monasterium
979 3366 1180 3455 Casiacnse,
1204 3372 1237 3436 et

140 3487 209 3557 pro
235 3466 372 3534 causal
397 3461 641 3558 ρνοοιννοέίο28
663 3489 730 3557 pro
749 3467 827 3557 ipso
854 3463 985 3536 domno
1011 3489 1092 3558 repe
1109 3464 1236 3536 Petrus

143 3562 186 3633 de
201 3563 334 3652 insula,
350 3569 434 3634 tunc
446 3564 647 3642 Casinensis
662 3565 788 3654 abbas,
803 3565 886 3648 fecit
899 3563 1017 3658 coliipi
1030 3563 1235 3636 οοῑὶοοίνιννο

140 3685 206 3755 per
224 3666 335 3732 totam
356 3661 540 3734 abbatiam
557 3687 623 3756 per
641 3665 829 3736 ordinatos
844 3663 984 3736 baiulus
997 3689 1094 3757 suos,
1114 3667 1234 3758 etipse

138 3762 351 3856 procuravit
375 3784 463 3832 eum.
507 3761 592 3833 Item
618 3763 816 3858 quodcum
845 3763 971 3858 aliquis
996 3765 1235 3858 condempna-

140 3863 249 3934 batur
275 3863 309 3932 ia
336 3861 496 3934 mercede
522 3864 618 3934 curie
643 3865 754 3958 repis,
780 3865 961 3935 institiorii
983 3865 1166 3949 faciebant
1190 3864 1234 3935 de

141 4035 165 4106 a)
185 4036 258 4089 otd.
280 4053 303 4086 c.
323 4051 347 4086 o.
368 4034 468 4086 domno
486 4049 565 4088 monn
579 4037 765 4088 recentiorem
781 4037 838 4090 loco
859 4051 952 4090 vocuo
1044 4035 1070 4101 bl
1089 4039 1127 4089 ito
1145 4049 1233 4090 vocem

138 4123 223 4178 paene
239 4122 344 4162 eranam
360 4111 426 4176 lepo.
483 4110 508 4176 o)
524 4106 597 4162 ital
609 4105 678 4171 2.,’3
694 4108 771 4162 todia
784 4113 861 4176 parte
876 4123 968 4162 uocum
983 4107 1153 4177 nasooollig
1162 4145 1233 4162 .....

139 4197 195 4250 por,
215 4196 294 4235 manu
312 4185 413 4235 recenti
431 4181 557 4250 colligere
577 4179 656 4234 etiem
676 4181 770 4250 lepitar
791 4180 814 4235 1.

139 4289 189 4371 28)
215 4290 392 4368 procuratio
409 4290 427 4350 i.
446 4311 474 4372 q.
492 4290 686 4370 procuratio,
703 4290 846 4370 exceptio
864 4289 982 4350 domini
999 4309 1056 4370 per
1073 4289 1234 4353 vasallum.
