3326 5022
120 901 382 986 RYCCARDI
398 899 470 982 DE
488 899 696 1003 SANCTO
716 897 934 980 GERMAN
940 901 971 980 0
990 897 1026 978 N
1030 898 1210 980 OTARII

527 1033 807 1115 CHRONICA.

195 1219 431 1294 INCIPIUNT
458 1217 698 1292 CHRONICA
723 1218 785 1290 DE
812 1216 905 1292 HHS
933 1219 1141 1294 OMNIBUS

123 1337 201 1412 oue
223 1337 262 1398 us
285 1334 418 1396 nossa
441 1333 581 1396 slcluo
604 1334 729 1396 cesse
753 1334 852 1396 som
873 1335 952 1396 VEL
975 1337 1118 1410 coloss
1142 1339 1215 1398 ees

124 1437 270 1516 ossen,
294 1435 519 1524 Areopolis
535 1435 681 1497 naeres
698 1435 814 1496 neers
830 1435 1035 1498 colamur
1050 1437 1218 1499 sacosol

125 1539 253 1614 osooe
270 1539 322 1598 Ao
342 1536 530 1599 Teneone
553 1535 762 1598 sequester
785 1535 951 1598 soccum
973 1538 1126 1600 sortem
1150 1539 1218 1600 lu-

40 1655 42 1658 “
125 1635 342 1702 PERATORlS
365 1638 517 1698 SEMPER
540 1638 718 1713 AUGUSTI,
740 1639 994 1701 IHERUSALEM
1012 1641 1063 1701 ET
1077 1640 1219 1702 SICILIE

145 1823 146 1826 Ἴ
200 1740 323 1814 REGIS,
346 1738 552 1801 TRACTATA
575 1741 649 1802 PER
672 1740 880 1803 NOTARlUM
904 1741 1144 1804 RYCCARDUM

443 1843 497 1904 DE
519 1841 673 1915 SANCTO
697 1841 901 1908 GERMANO.

205 1982 304 2055 Solet
321 1989 398 2054 etas
417 1985 599 2077 antiquior
616 1989 648 2053 et
666 1985 819 2076 provida
841 1987 1004 2078 priorum
1026 1981 1223 2056 actoritas⁸

130 2085 241 2178 diqna
265 2085 432 2154 memorie
457 2107 589 2178 queque
610 2108 675 2176 per
692 2085 814 2155 orbem
831 2091 932 2179 qesta
953 2083 1151 2156 describere
1170 2107 1224 2156 re-

130 2183 320 2280 linquenda
345 2185 498 2275 posteris
524 2183 574 2254 ad
592 2183 806 2276 doctrinam,
833 2191 1006 2256 eteorum
1026 2187 1142 2256 instar
1161 2183 1226 2256 ad·

131 2285 200 2355 leuc
216 2283 375 2376 prudens
393 2286 610 2377 sequentiam
629 2287 726 2354 natio
745 2284 837 2356 idem
858 2287 944 2379 cpit,
963 2308 1005 2356 ne
1025 2285 1078 2355 vel
1090 2285 1225 2355 omisso

133 2385 327 2476 depereant
344 2389 407 2452 aut
423 2383 580 2476 neqlecta
597 2385 633 2454 in
646 2387 808 2456 notitiam
823 2387 997 2479 effuqiant
1009 2387 1224 2471 futurorum.

133 2484 272 2556 Horum
300 2483 470 2577 siquidem
496 2483 675 2555 emulator
701 2509 766 2578 eqo
790 2485 1000 2578 chcardus
1024 2485 1066 2556 de
1091 2484 1226 2557 Sancto

136 2585 315 2657 Germano
347 2589 477 2654 notans
506 2583 699 2654 notanda⁰
728 2589 910 2679 notarius5
949 2589 1006 2657 cui
1033 2609 1098 2681 que
1122 2588 1232 2657 servit

134 2682 444 2778 hystorioqrapleis
467 2682 653 2754 Musarum
684 2687 802 2778 primu
831 2687 1053 2780 obsequitur,
1089 2686 1131 2758 de
1157 2709 1228 2780 qua

136 2786 277 2856 metrice
295 2785 464 2876 scriptum
484 2786 644 2878 repperi:

265 2883 433 2980 Explicat
451 2882 603 2980 ingenio
622 2908 683 2956 res
704 2895 832 2982 gestas
853 2885 981 2958 ordine
1001 2886 1104 2981 elya

137 3007 234 3075 nisus
259 3026 337 3075 sum
360 3027 427 3096 pro
455 3003 586 3075 viribus
612 3005 779 3099 inqenioli
799 3003 897 3098 meq⁹
923 3030 988 3101 que
1015 3007 1140 3103 ubique
1165 3013 1232 3078 ter·

137 3127 262 3176 rarum
289 3129 333 3176 ac
356 3105 542 3197 presertim
570 3107 604 3174 in
630 3128 739 3198 reqno
759 3105 875 3177 Sicilie
892 3113 992 3200 qesta
1011 3115 1093 3180 sunt
1111 3107 1233 3179 dielrus

138 3207 236 3298 mets,
256 3207 331 3275 aisa
351 3207 493 3299 coqnita
513 3228 574 3276 seu
592 3204 686 3291 fideli
703 3205 873 3277 relatione
884 3214 1066 3303 percepto,
1085 3211 1233 3280 ueritate

138 3311 284 3378 servata
312 3304 435 3376 litteris
458 3305 618 3398 tradere,
647 3330 691 3376 oc
717 3308 753 3376 in
779 3306 845 3379 lroc
864 3331 1013 3401 presens
1039 3309 1233 3402 compilare

140 3405 313 3498 volumen,
332 3412 372 3476 ut
388 3429 431 3476 ecc
448 3404 514 3476 hiis
532 3405 650 3477 discat
664 3407 789 3490 futuro
806 3410 999 3500 posteritas
1018 3411 1140 3480 varios
1159 3433 1234 3480 esse

141 3513 337 3596 temporum
366 3529 512 3598 cursus,
546 3507 808 3602 memineritque
830 3507 1024 3602 prudenter
1048 3509 1173 3580 trellum
1198 3510 1234 3580 in

141 3628 232 3697 pace
251 3607 371 3675 timere
389 3613 421 3675 et
437 3631 562 3698 pacem
581 3608 705 3678 iterum
725 3632 873 3700 sperare
886 3616 973 3703 post
989 3607 1124 3680 trellum.

223 3703 397 3790 Quoniam
416 3695 679 3800 ipttur'tepntffl
694 3708 786 3792 {ilias
804 3734 870 3804 eqo
898 3733 987 3799 sum,
1015 3713 1074 3803 qui
1099 3709 1236 3802 leqerit‚

145 3827 217 3876 non
236 3827 290 3873 me
309 3805 505 3874 causaturb
524 3805 732 3878 detestando
751 3811 782 3878 si
800 3813 900 3904 reqni
917 3815 1018 3905 qesta
1037 3809 1155 3882 scrilro
1172 3808 1238 3894 dit·
1279 3858 1283 3871 .

49 3967 53 3973 ,
146 3907 272 3997 lucius,
301 3909 367 3974 aut
383 3904 425 3976 de
445 3906 723 4000 continqentilrus
742 3909 859 4001 quid¹¹
889 3910 931 3982 de
956 3913 1090 3982 cernetis
1108 3909 1238 4002 dicam,

148 4040 171 4110 a)
191 4057 244 4095 coo
263 4043 315 4094 iarn
334 4055 423 4094 eroso.
499 4039 523 4108 b)
544 4044 581 4094 ito
601 4058 623 4093 c.

148 4150 177 4230 8]
201 4150 220 4212 i.
244 4173 273 4231 q.
296 4151 475 4214 auctoritas.
576 4152 604 4224 lt)
629 4151 647 4211 i.
672 4175 700 4233 q.
724 4153 794 4215 mei.
900 4154 944 4228 10)
966 4153 1081 4216 scilicet
1104 4153 1240 4218 Siciliae.

151 4237 199 4312 11)
222 4239 242 4302 i.
264 4258 290 4299 e.
317 4235 446 4314 aliquid.
