3352 5026
422 413 488 482 ts
622 403 904 479 RYCCARDUS
931 405 993 476 bb
1020 405 1056 476 S.
1085 403 1314 478 GERMANO

421 611 469 682 tis
488 612 621 681 abbate
640 605 849 680 Casinense
868 615 994 701 partes
1020 627 1109 676 suas
1136 604 1400 700 interponente
1428 613 1523 700 aput

421 711 612 805 legatum‚
648 716 814 778 castrum
851 705 975 818 ipsum
1006 704 1138 801 recipit
1169 708 1214 776 ad
1249 728 1383 776 manus
1416 727 1521 776 suas,
1605 749 1609 756 -

332 829 335 840 ’
423 812 588 905 Indeque
605 809 824 904 procedens
853 805 1039 877 exercitus
1060 804 1160 878 vadit
1177 805 1376 902 eriphiam,
1405 829 1521 901 quam

422 910 510 982 licet
543 933 608 1021 pro
645 907 783 981 viribus
817 905 1065 1018 renitentem,
1102 916 1187 1002 post
1221 906 1320 978 diros
1357 905 1522 978 insultus

422 1009 576 1082 factos
569 1034 603 1078 ru
631 1032 715 1080 eam
739 1031 806 1104 per
825 1007 900 1078 vim
920 1005 1076 1103 optinet
1104 1009 1205 1078 etad
1225 1030 1320 1103 opus
1341 1005 1441 1076 illam
1462 1029 1522 1078 re-

423 1111 511 1208 cipit
531 1108 709 1180 ecclesie:
730 1107 901 1178 similiter
915 1117 952 1180 et
967 1077 1130 1178 castrirm
1148 1105 1401 1181 Pedemoutis
1395 1108 1522 1202 quod

405 1239 406 1243 ¹
426 1221 505 1282 erat
525 1208 670 1282 comitis
691 1207 908 1299 memorati3
926 1205 1038 1280 turris
1052 1217 1180 1280 tamen
1198 1208 1310 1280 castri
1325 1207 1443 1303 ipsius
1461 1217 1524 1278 est

426 1314 472 1384 ad
491 1309 632 1382 fidem
624 1309 742 1406 ipsius
763 1308 908 1380 comitis
930 1317 1163 1380 consermvata
1209 1309 1312 1380 Tunc
1332 1318 1369 1380 et
1388 1307 1521 1378 civitas

425 1410 653 1484 Telesietr
592 1411 716 1506 legato
737 1433 778 1480 se
798 1408 917 1480 reddit
936 1432 1050 1480 causa
1069 1418 1204 1482 metus.

502 1511 648 1607 Papalis
669 1510 855 1582 exercitus
875 1533 944 1606 per
962 1519 1101 1580 terram
1121 1509 1298 1580 lobannis
1319 1508 1393 1580 San
1410 1507 1522 1599 Fray-

426 1612 566 1704 mundi,
595 1635 705 1707 quam
734 1610 802 1682 sibi
827 1633 894 1706 pro
916 1619 1021 1706 parte
1042 1609 1204 1704 subegit,
1231 1611 1433 1700 transiens,
1461 1631 1523 1680 oc·

426 1711 659 1784 currentibus
679 1710 750 1781 illis
770 1713 814 1782 de
834 1711 1066 1804 Benevento,
1092 1734 1134 1780 se
1155 1709 1309 1782 contulit
1325 1709 1522 1780 Beneven-

425 1825 524 1904 tum3
553 1821 590 1882 et
616 1821 704 1881 tunc
730 1810 801 1906 ipsi
828 1809 1086 1881 beneventani
1106 1833 1190 1882 cum
1211 1811 1333 1905 papali
1355 1808 1523 1880 exercitu

427 1923 464 1984 et
493 1937 576 1982 cum
599 1911 735 1984 viribus
755 1912 833 1983 suis
853 1911 996 1982 viciuos
1017 1911 1253 1982 adversarios
1272 1911 1524 1982 vehementer

424 2014 660 2109 impugnant
680 2011 855 2083 Padulem
878 2021 914 2085 et
931 2011 1101 2109 Apicem
1127 2035 1212 2084 cum
1232 2035 1275 2083 se
1294 2021 1425 2085 tenere
1445 2033 1521 2080 non

426 2123 593 2210 possent
622 2112 814 2224 r.ecipiuut
867 2113 1114 2286 Cipptalonum
1140 2115 1374 2205 comburunt
1402 2109 1522 2182 muni·

294 2284 298 2290 .
426 2215 526 2286 tione
547 2215 750 2309 superstite
769 2223 1001 2286 remanente.
1051 2211 1198 2287 Casalia
1217 2212 1354 2284 Montis
1372 2211 1398 2281 F
1401 2209 1522 2282 usculr

428 2317 514 2410 igne
544 2324 731 2408 cremant·
700 2311 819 2384 tubi
847 2313 1048 2386 advenient
1051 2336 1071 2384 e
1095 2336 1259 2407 rumore‚
1287 2314 1384 2424 quod
1412 2334 1523 2385 cesar

428 2419 473 2486 de
489 2414 619 2504 Syria
611 2439 645 2484 m
661 2368 833 2510 Apirliam
849 2423 1017 2507 venerab
1038 2412 1181 2510 papalis
1202 2413 1387 2485 exercitus
1407 2435 1522 2484 causa

430 2526 551 2586 metus
585 2514 683 2610 cepit
714 2513 877 2585 dissolvi.
932 2513 1114 2586 Dominus
1146 2514 1332 2590 lohannes
1370 2515 1416 2584 de
1454 2513 1523 2585 Co-

429 2616 581 2710 lumpna
609 2613 806 2686 cardinalis
833 2625 870 2686 et
897 2614 1084 2688 lohannes
1105 2637 1169 2684 rex
1189 2617 1376 2710 quondam
1397 2613 1524 2692 lhero-

378 2763 380 2766 -
430 2715 666 2788 solimitanus
683 2716 1024 2788 etLombardorum
1038 2714 1214 2811 copiosus
1231 2713 1524 2806 exercitusllay-

430 2817 582 2888 neldum
609 2817 741 2886 ducem
765 2815 906 2910 Spoleti
935 2815 1038 2888 velut
1065 2817 1214 2888 hostem
1247 2815 1408 2906 eqzlesie
1441 2837 1525 2910 per-

431 2926 649 3012 sequentes,
676 2916 777 2986 illum
800 2917 901 2987 exire
921 2915 1125 2990 llllarchiam
1150 2915 1248 2989 etin
1277 2939 1437 3012 regnum
1465 2937 1524 2988 re·

430 3017 508 3088 dire
536 3015 778 3111 compellunt,
806 3027 844 3088 et
868 3026 1126 3112 receptantem
1153 3041 1195 3088 se
1214 3016 1250 3086 in
1271 3017 1451 3090 Sulmona
1470 3024 1525 3088 te·

431 3127 522 3188 nent
548 3120 747 3188 obsessum
811 3118 914 3188 Tunc
934 3127 1097 3188 castrum
1117 3116 1309 3188 Pectoraui
1330 3114 1525 3212 recipiunt.

508 3215 664 3288 Romani
685 3241 800 3313 super
817 3217 1020 3290 Viterbium
1041 3220 1191 3312 vadunt,
1216 3229 1253 3293 ct
1272 3217 1460 3292 civitatem
1481 3239 1527 3288 ac

433 3328 597 3388 castrum
629 3321 812 3413 quoddam
846 3321 891 3390 ad
924 3342 1008 3392 eam
1041 3319 1233 3414 pertinens
1268 3322 1527 3410 devastantes»,

433 3420 529 3513 quod
550 3418 818 3492 llonasterium
838 3419 983 3514 dicitun
1010 3422 1053 3492 ad
1073 3419 1210 3493 Urbem
1230 3419 1373 3492 reversi
1395 3427 1490 3490 sunt.

509 3519 612 3590 Tunc
639 3520 814 3616 Pelagius
839 3521 986 3615 legatus
1015 3521 1204 3616 predictus
1230 3519 1381 3594 nuntios
1406 3521 1450 3590 ad
1470 3517 1526 3588 lo-

434 3621 598 3691 bannem
627 3622 671 3692 de
699 3621 906 3717 Columpna
935 3619 1161 3692 cardinalem
1188 3630 1226 3692 et
1243 3621 1449 3695 Iohannem
1469 3641 1528 3690 re-

433 3733 521 3815 gem
538 3724 724 3816 quondam
737 3718 1103 3792 {herusolimitanum
1119 3725 1187 3794 sub
1202 3721 1528 3796 celeritatetraus·

435 3819 557 3916 mittit,
577 3832 616 3892 ut
634 3823 679 3892 ad
700 3844 742 3891 se
762 3821 889 3892 venire
909 3820 1097 3894 ftestinen
1073 3821 1204 3908 Otui
1224 3826 1268 3894 ad
1288 3821 1526 3897 vocationem

435 3921 548 4016 legati
563 3925 608 3994 ab
624 3919 815 3994 obsidione
831 3923 1052 3996 recedentes
1072 3921 1230 3996 civitatis
1246 3923 1439 4035 Sulmone,
1459 3944 1529 4017 per

434 4022 571 4093 vallem
592 4021 764 4117 Sangri
757 4047 791 4092 m
821 4021 1037 4094 comitatum
1057 4022 1190 4095 Molisii
1210 4022 1376 4115 veniunt
1402 4020 1530 4132 Alphi-

435 4124 571 4193 denam
591 4120 626 4192 vi
647 4121 810 4218 capiunt
838 4132 875 4194 et
902 4122 1150 4194 castellum
1118 4147 1212 4215 erue,
1240 4123 1275 4194 in
1296 4147 1368 4219 quo
1388 4145 1430 4194 se
1450 4146 1529 4216 qur·

436 4225 520 4292 darn
535 4221 776 4317 Vinciguerra
792 4225 900 4294 deAr
906 4246 988 4294 ersa
1005 4234 1201 4320 receperat
1217 4233 1429 4319 cumgente
1446 4245 1529 4314 sua7
