3352 5026
455 405 527 480 130
652 397 934 474 RYCCARDUS
961 399 1022 472 DE
1049 397 1085 471 S.
1114 399 1344 474 GERMANO

451 600 582 698 Legati
609 600 718 674 Urbis
746 610 784 672 et
809 598 925 672 totius
953 597 1175 671 bombardie
1203 609 1241 671 et
1260 598 1394 672 tuscie
1415 600 1460 671 ad
1480 597 1547 670 im·

452 711 667 800 peratorem
693 703 842 772 vadunt.
891 700 1024 772 Mense
1044 698 1216 772 Octobris
1245 723 1291 770 ex
1317 709 1424 796 parte
1444 698 1547 773 Casi-

451 801 581 882 nensis
601 811 807 874 conventus
828 803 874 873 ad
893 824 981 872 eum
1000 823 1148 896 quoque
1167 802 1239 871 duo
1259 802 1413 895 vadunt,
1431 800 1547 872 frater

451 903 624 976 videlicet
646 902 775 976 Simon
808 903 854 975 de
887 899 1131 974 Presentiano
1170 911 1207 972 et
1234 901 1349 973 frater
1372 900 1543 994 Amicum

452 1003 515 1100 qui
533 1014 660 1076 tamen
681 1026 765 1074 oum
786 1001 942 1074 aliarum
962 1000 1101 1074 nuntiis
1118 999 1309 1073 civitatum
1324 1025 1445 1099 usque
1460 1001 1545 1074 Cre·

398 1153 399 1156 =
452 1127 604 1180 monam
633 1105 880 1200 procedentes
906 1112 943 1174 et
963 1101 1070 1196 ultra,
1096 1101 1222 1199 ipsum
1240 1101 1369 1174 videre
1388 1125 1462 1172 non
1483 1127 1545 1200 po-

451 1214 616 1300 tuerunt,
644 1227 729 1275 cum
755 1226 889 1274 mense
914 1201 1137 1275 Novembris
1166 1212 1275 1300 capta
1295 1201 1444 1274 civitate
1462 1204 1545 1274 Vin-

453 1304 574 1377 centie
590 1327 750 1402 propere
765 1303 802 1375 in
816 1303 1072 1374 Alamaniam⁸
1091 1301 1307 1398 redivisset3
1327 1327 1441 1400 quam
1459 1303 1544 1376 civi·

451 1415 569 1478 tatem
587 1405 686 1501 ignis
706 1428 773 1502 pro
791 1413 899 1501 parte
919 1402 1120 1476 cremavit:

551 1506 646 1578 Prob
666 1507 799 1578 meritis
817 1506 933 1600 dipnis
956 1503 1134 1576 Wncentin
1152 1510 1185 1574 te
1202 1510 1342 1576 cremat
1357 1505 1447 1599 ipnis
1456 1533 1470 1595 ,·

553 1605 724 1678 Subderis
742 1607 889 1699 imperio
908 1607 1044 1677 cesaris
1062 1601 1230 1700 inpenio(

526 1707 690 1778 Thomas
705 1707 930 1778 Acerrarum
949 1727 1078 1776 comes
1099 1715 1137 1776 et
1154 1704 1339 1777 Henricus
1358 1707 1404 1778 de
1421 1705 1542 1776 Morro

452 1806 636 1902 magister
653 1805 871 1878 iustitiarius
890 1804 1013 1877 vocati
1031 1809 1077 1877 ab
1096 1804 1323 1902 imperatore
1344 1808 1484 1878 vadunt
1498 1808 1543 1877 ad
1658 1835 1659 1896 j

448 1906 575 2004 ipsum
602 1929 736 1979 mense
760 1905 996 2000 Decembris7
1022 1915 1082 1978 set
1107 1905 1233 2002 ipsum
1260 1905 1296 1977 in
1321 1905 1543 1979 Lombardia
1658 1973 1659 2004 p

451 2031 525 2079 non
546 2006 782 2102 invenerunt,
802 2029 887 2078 cum
907 2005 942 2077 in
963 2005 1238 2102 alamanniam,
1258 2017 1298 2078 ut
1316 2007 1455 2079 dictum
1474 2017 1545 2104 est,

449 2118 664 2180 ,remeasset
690 2110 736 2180 ad
762 2109 1011 2193 edomandam
1035 2107 1139 2180 ducis
1158 2107 1307 2180 Austrie
1326 2107 1544 2205 nequitiam,
1658 2129 1659 2204 t

450 2209 513 2306 qui
531 2209 780 2282 rebellaverat
799 2218 926 2280 contra
945 2207 1081 2305 ipsum.
1130 2208 1333 2307 Propterea
1351 2209 1463 2282 iidem
1484 2233 1542 2280 oo·
1658 2241 1659 2298 3

450 2334 533 2384 mes
560 2319 598 2382 et
624 2308 807 2406 magister
830 2308 1050 2382 iustitiarius
1069 2309 1106 2381 in
1123 2308 1385 2382 Alamaniam·
1410 2331 1543 2408 prope·

449 2420 588 2486 rerunt.

402 2573 403 2576 ,
524 2510 606 2582 Hoc
629 2535 727 2582 anno
755 2511 887 2582 Petrus
904 2509 1131 2607 -Frayapane
1159 2509 1196 2582 in
1222 2515 1312 2584 urbe
1331 2510 1448 2584 Roma
1475 2535 1542 2608 pro
1658 2507 1659 2586 ζ

450 2621 556 2709 parte
581 2609 819 2709 imperatoris
845 2634 1021 2708 guerram
1050 2621 1176 2684 movet
1201 2622 1328 2684 contra
1348 2635 1485 2709 papam
1507 2622 1544 2684 et

450 2721 680 2809 senatorem,
708 2721 746 2784 et
765 2711 897 2785 seditio
917 2712 1015 2784 facta
1035 2722 1094 2784 est
1111 2712 1225 2785 multa
1245 2712 1287 2784 in
1301 2712 1451 2810 populo.

935 2863 1060 2954 1237.

525 3003 656 3074 Mense
675 3003 835 3074 lanuarii
855 3014 987 3076 octavo
1007 3013 1131 3076 stante
1150 3006 1299 3096 eodem,
1326 2993 1458 3076 electio
1480 3006 1541 3076 ab·

449 3101 544 3175 batis
571 3101 790 3176 Casinensis
824 3103 1003 3175 canonice
1036 3104 1223 3182 celebrata
1255 3113 1314 3178 est
1344 3107 1389 3176 de
1425 3103 1545 3176 fratre
1658 3109 1659 3188 ζ

447 3202 628 3274 Pandulfo
656 3205 701 3275 de
720 3203 857 3305 Sancto
876 3204 1083 3301 Stephano,
1111 3215 1148 3277 et
1173 3204 1280 3301 quasi
1299 3229 1367 3302 per
1384 3203 1545 3301 inspira-

447 3303 590 3376 tionem
610 3307 655 3378 ab
675 3304 848 3396 omnibns
867 3309 1083 3402 approbata.

524 3407 654 3478 Mense
681 3405 871 3480 Februarii
897 3406 1019 3478 littere
1046 3405 1262 3504 imperiales
1281 3407 1378 3478 lecte
1398 3405 1543 3480 suntin

448 3504 588 3578 Sancto
608 3503 796 3579 Germano
817 3509 861 3578 de
882 3507 1054 3605 captione
1073 3506 1279 3602 Vincentio,
1308 3517 1344 3580 et
1372 3509 1418 3580 de
1444 3531 1544 3578 nova

447 3605 685 3704 imperatoris
702 3609 805 3704 prole
822 3607 984 3680 feminea
997 3611 1043 3680 de
1056 3632 1152 3681 nova
1163 3619 1338 3681 consorte
1350 3619 1543 3706 suscepta.

447 3707 639 3804 lnquisitio
665 3705 707 3779 fit
731 3711 777 3782 de
802 3733 918 3806 opere
945 3708 1071 3782 Sancti
1092 3709 1269 3782 Germani
1294 3733 1363 3807 per
1380 3709 1543 3782 iudicem

445 3809 672 3882 Adenulfum
690 3811 736 3882 de
755 3809 908 3883 Suessa.

522 3911 654 3982 Mense
668 3909 788 3982 lllartii
808 3911 924 3982 frater
938 3909 1067 3983 Simon
1087 3914 1133 3985 de
1148 3909 1392 3984 Presentiano
1413 3920 1450 3982 et
1468 3911 1543 3982 fra·
1658 3901 1659 3992 Q

447 4019 505 4080 ter
532 4012 748 4109 Stephanus
774 4015 820 4086 de
840 4010 1015 4086 Corvario
1035 4015 1080 4085 ad
1100 4011 1368 4109 imperatorem
1393 4012 1429 4083 in
1458 4011 1547 4084 Ala·
1658 3997 1659 4078 ἒ

449 4111 639 4184 manniam
671 4116 812 4186 vadunt
840 4138 925 4186 cum
952 4112 1085 4186 litteris
1114 4123 1321 4186 conventus
1355 4112 1463 4185 factis
1495 4116 1545 4184 ad

449 4247 473 4317 a)
494 4251 531 4302 tto
549 4249 598 4302 boc
616 4251 674 4304 toco
692 4251 823 4306 scribitur.
898 4251 924 4320 bl
945 4265 1037 4305 aursus
1055 4254 1083 4304 tn
1100 4253 1219 4319 nuptae
1236 4251 1372 4304 tutentur.
