3326 5022
448 389 470 462 2
642 342 1013 464 urccnauos'uu
1041 391 1077 464 s,
1105 391 1347 468 urrunnu.

447 594 524 663 acsi
541 615 613 670 non
627 593 786 685 prosint:
811 588 954 686 sinqulu
972 613 1105 686 queque
1123 595 1250 686 invent,
1275 617 1319 665 nc
1337 593 1405 665 ou
1420 597 1538 686 potios

446 699 500 762 est
511 715 619 786 quum
633 691 784 763 borninis
798 693 953 762 omnium
969 690 1122 763 habere·
1140 696 1361 764 memorium.
1386 692 1537 766 Snrnens

442 791 593 884 proinde
612 815 636 862 u
654 796 811 884 tempore
836 814 906 886 qun
926 791 1128 864 Gnilielmns
1145 793 1322 865 secundus
1340 817 1404 864 reu
1421 793 1537 866 Sicilie

445 891 584 964 inclitus
603 891 787 963 recolende
805 893 974 963 memorie
991 891 1086 984 obiit,
1112 894 1342 985 pontificatus
1361 917 1443 965 uero
1464 894 1536 966 Cle·

445 993 569 1063 mentis
585 1015 679 1084 pupe
697 1014 795 1062 anno
813 991 981 1082 secundo,
1006 1015 1074 1085 per
1094 991 1299 1063 chronicam
1318 991 1381 1064 leec
1399 993 1534 1085 inclusi,

444 1091 656 1187 quibusdum
677 1093 861 1185 premissis
886 1092 921 1160 in
948 1091 1091 1162 laudem
1118 1093 1211 1185 reqis
1237 1093 1367 1185 ipsius,
1407 1099 1442 1164 ct
1470 1117 1535 1188 quc

256 1221 257 1224 ¹
367 1247 368 1252 ,
445 1193 545 1286 rcqni
570 1197 722 1285 tunqunt
748 1193 890 1286 neqotiu
917 1197 949 1260 el
974 1191 1089 1262 relatu
1115 1191 1227 1284 diqnu
1249 1199 1332 1264 sunt
1353 1193 1449 1264 non*
1475 1194 1534 1262 ob·

443 1293 580 1382 nrissis‚·
607 1293 643 1360 in
668 1293 743 1362 eins
767 1293 906 1362 nomine
933 1293 992 1384 qui
1015 1314 1056 1362 os
1082 1290 1260 1364 Zuclrurie
1278 1291 1362 1364 olim
1382 1296 1534 1387 aperuit,
1626 1295 1627 1312 ³

442 1416 483 1464 os
495 1415 611 1463 mcum
626 1393 766 1484 operiat
781 1390 1068 1486 adloquendum,
1084 1415 1128 1462 oc
1140 1391 1258 1486 linque
1272 1415 1345 1462 mee
1360 1392 1535 1465 vinculum

440 1492 569 1585 soloni,
588 1491 804 1580 confidenter
816 1489 957 1585 sinqnlu
972 1515 1105 1587 queque
1118 1491 1234 1564 locum
1249 1497 1392 1566 teneant
1404 1495 1533 1566 sortitu
1570 1520 1576 1530 ⁴
1626 1519 1627 1564 f

441 1593 614 1666 decenter.

735 1689 951 1764 EXPLICIT
978 1689 1242 1764 PROLOGUS.

516 1882 701 1978 Tempore
717 1904 789 1978 quo
804 1905 869 1953 rex
885 1879 945 1951 ille
962 1879 1310 1976 christianissimus7
1330 1880 1387 1952 cui
1407 1881 1529 1953 nullus

440 1981 477 2052 in
493 1986 582 2054 orbe
598 1983 800 2076 secundus,
819 1979 927 2078 regni
946 1980 1055 2052 huius
1071 1983 1335 2054 moderabatur
1348 1981 1529 2075 habenas,

441 2083 501 2180 qui
517 2083 614 2154 inter
628 2106 761 2154 omnes
776 2081 964 2178 principes
976 2081 1150 2194 princeps
1162 2081 1380 2154 sublimiset
1387 2082 1528 2154 habun-

440 2183 563 2255 dans
554 2209 590 2254 m
612 2183 785 2256 omnibus
808 2181 940 2279 opibus
969 2193 1049 2254 erat
1075 2181 1193 2279 stirpe
1218 2181 1354 2276 clarus,
1379 2182 1527 2254 fortuna

440 2284 610 2380 elegans,
628 2287 765 2356 virtute
787 2293 936 2382 potens7
962 2306 1077 2356 sensu
1097 2282 1257 2380 pellem,
1282 2281 1417 2354 divitiis
1437 2307 1527 2378 opu-

437 2384 573 2458 lentus
615 2385 703 2456 Erat
727 2382 797 2457 llos
830 2407 985 2480 regum,
1014 2408 1151 2456 corona
1179 2383 1411 2481 principum,
1439 2381 1526 2469 Qui-

439 2485 550 2556 ritum
569 2485 778 2582 speculum7
803 2484 980 2558 nobilium
1000 2487 1128 2581 decus,
1154 2483 1360 2556 amicorum
1380 2481 1526 2578 fiducia,
1626 2577 1627 2582 Ἰ

438 2587 602 2658 hostium
628 2596 768 2679 terror,
802 2585 927 2682 populi
954 2584 1029 2657 vita
1062 2595 1098 2658 et
1129 2585 1268 2682 virtue,
1301 2585 1525 2656 miserorum

437 2687 591 2783 inopum
627 2685 946 2800 peregrinantium
984 2687 1107 2783 salus,
1141 2685 1390 2779 laborantium
1427 2685 1526 2756 forti·

437 2791 545 2860 tudo:
573 2787 668 2883 legis
697 2799 734 2861 et
757 2787 919 2860 iustitiae
943 2788 1064 2861 cultus
1083 2799 1254 2884 tempore
1274 2811 1342 2858 suu
1362 2785 1525 2879 vigebat
1626 2855 1627 2880 q

436 2888 472 2958 iu
501 2911 618 2982 regno
645 2912 713 2960 sua
743 2898 823 2960 erat
847 2887 999 2984 quilibet
1024 2900 1125 2961 sorte
1151 2896 1362 2977 contentus7
1390 2883 1525 2981 ubique

435 3013 521 3100 pau⁷
539 2987 675 3085 ubique
694 2988 891 3102 securitaS,
911 3013 981 3061 nec
999 2989 1185 3062 latronum
1201 2988 1392 3058 metuebat
1405 2983 1526 3057 viator

436 3087 590 3160 insidias
605 3113 675 3160 nec
688 3089 804 3162 maris
818 3101 931 3162 nauta
947 3089 1169 3163 offendicula
1186 3097 1412 3184 pyratarum.
1449 3085 1523 3160 Sed

434 3189 521 3260 licet
544 3198 597 3260 tot
624 3199 661 3262 et
685 3190 797 3264 tantis
824 3215 911 3263 eum
939 3189 1111 3262 ditaverit
1138 3199 1176 3260 et
1199 3187 1383 3260 dotaverit
1401 3185 1523 3281 bonis7

435 3313 639 3387 perquem
668 3315 780 3388 reges
804 3301 964 3388 regnaut
991 3302 1028 3362 et
1054 3289 1243 3402 principes
1271 3287 1522 3380 dominantur⁷

434 3390 638 3503 feceritque
657 3391 760 3464 illum
780 3416 846 3490 pre
861 3391 1004 3463 cunctis
1019 3401 1119 3462 terre
1135 3388 1286 3484 regibus
1301 3387 1522 3484 gloriosum,

433 3491 469 3562 in
489 3491 560 3563 hoc
579 3502 704 3564 tamen
725 3491 969 3588 ingloriosum
987 3491 1092 3561 illum
1111 3488 1280 3584 reddidit,
1307 3491 1405 3586 quod
1432 3511 1519 3559 eum

433 3591 546 3689 prolis
572 3593 773 3689 negatione
801 3589 1010 3683 mulctavit·
1038 3588 1222 3662 conclusit
1246 3589 1346 3662 enim
1372 3599 1519 3661 uterum

432 3693 618 3766 consortis
637 3691 749 3786 illias,
768 3701 808 3762 ut
826 3714 900 3802 non
919 3700 1069 3804 pareret
1085 3691 1146 3762 vel
1163 3689 1377 3789 conciperet
1388 3688 1519 3784 filium,

431 3806 531 3867 etue
546 3793 777 3890 relinqueret
789 3788 847 3863 sui
862 3791 1103 3888 superstitem
1120 3802 1399 3889 superterram
1422 3790 1520 3878 Qua-

431 3904 585 3993 propter
603 3891 848 3965 considerans
867 3916 932 3963 rex
951 3891 1033 3990 ipse
1054 3891 1239 3964 felicitatis
1260 3915 1329 3964 sue
1347 3904 1518 3988 tempora

430 4021 450 4067 a
478 3994 638 4067 Domino
666 3992 881 4090 accepisse.
919 4003 955 4064 et
982 3995 1079 4106 quod
1108 4016 1194 4064 eum
1223 3995 1365 4102 absque
1391 3990 1519 4064 liberis

430 4121 514 4167 sors
535 4097 675 4166 fecerat
694 4065 894 4188 infelicem,
914 4092 1091 4188 cogitavit
1107 4101 1145 4161 ut
1160 4089 1312 4187 sapiens
1328 4091 1520 4188 sapienter

429 4229 547 4298 n)b.in
568 4247 647 4282 m..c
721 4227 747 4298 b)
766 4226 849 4280 itui.
868 4227 900 4286 2;
920 4228 969 4280 sed
986 4241 1040 4278 occ
1058 4227 1210 4278 necessario
1229 4227 1331 4280 deest
1321 4243 1348 4280 nc
1367 4228 1466 4281 codice.
