3326 5022
413 435 463 507 oo
615 427 899 503 nxccnxnus
927 429 988 500 nu
1016 429 1053 502 s.
1082 387 1313 504 cunnnno

514 628 810 703 TuncHenricus
822 653 888 702 rex
897 629 1119 702 Alamannia
1136 654 1220 702 cum
1235 630 1388 728 copioso
1405 653 1516 703 exer-

414 735 486 806 citu
514 756 582 804 suo
610 730 713 802 venit
740 753 860 826 usque
884 733 1091 827 Veronam,
1120 741 1180 802 set
1197 731 1417 804 Lombardis
1443 733 1515 804 im·

413 831 663 933 pedientibus,
682 831 777 902 ultra
798 833 1004 928 procedere
1024 856 1098 902 non
1118 843 1177 904 est
1195 831 1417 929 permissus.

489 936 699 1030 Imperator
714 933 940 1006 Cremonam
961 931 1074 1026 vadit,
1092 931 1217 1030 ibique
1232 932 1361 1006 diebus
1378 934 1513 1031 paucis

413 1035 557 1107 faciens
576 1055 736 1126 moram,
764 1055 851 1102 cum
871 1055 912 1103 se
933 1031 1062 1104 civitas
1082 1033 1311 1105 Veronensis
1332 1057 1416 1106 cum
1434 1035 1513 1106 Me·

414 1136 561 1209 diolano
582 1143 619 1204 et
637 1132 719 1204 aliis
741 1123 961 1230 subscriptis
982 1132 1191 1205 civitatibus
1206 1133 1277 1230 ipsi
1292 1133 1514 1231 imperatori

414 1233 610 1308 contrariis
627 1233 922 1325 confederasset‚
939 1235 983 1304 ad
996 1233 1163 1330 Burgum
1179 1235 1513 1332 sanctiDompnini

415 1361 457 1410 se
485 1333 659 1428 contulit,
694 1332 819 1430 ibique
847 1333 916 1406 sibi
945 1333 1260 1407 coadsistentibus
1289 1335 1512 1432 quibusdam

413 1436 567 1536 prelatis
584 1445 621 1506 et
635 1433 1095 1532 principibusAlamannie
1111 1459 1154 1506 ac
1170 1437 1387 1532 proceribus
1403 1437 1513 1532 regni

415 1537 487 1632 sui,
515 1546 644 1609 eontra
673 1534 844 1606 civitates
871 1534 964 1606 istas
991 1533 1059 1608 sibi
1090 1537 1310 1630 contrarias,
1337 1537 1514 1609 videlicet

413 1637 681 1730 Mediolanum,
696 1637 894 1730 Veronam,
913 1634 1157 1730 Placentiam,
1172 1636 1397 1730 Vercellum,
1415 1638 1512 1710 Lau·

415 1741 514 1830 dam,
541 1734 820 1830 Alexandriam,
847 1735 1070 1832 Tarvisium,
1093 1737 1271 1833 Paduam,
1290 1736 1512 1834 vicentiam,

415 1838 607 1932 Torinum,
631 1835 845 1932 Novariam,
870 1836 1077 1932 Mantuam,
1095 1836 1281 1933 Brexiam,
1301 1837 1511 1922 Bononiam

417 1949 455 2011 ct
464 1936 695 2027 Faventiam,
710 1935 948 2009 diffidationis
961 1937 1212 2034 promulgavit
1222 1937 1397 2034 edictum,
1412 1942 1511 2036 quod

418 2038 555 2111 ceteris
582 2037 649 2110 sibi
668 2036 882 2109 faventibus
901 2036 1110 2110 civitatibus
1131 2037 1288 2136 precipit
1306 2040 1511 2112 observari.

493 2140 597 2212 Tunc
610 2138 800 2234 predictus
814 2138 1035 2210 Alamannia
1051 2162 1130 2234 rex,
1150 2145 1343 2213 combusta
1361 2140 1512 2213 civitate

293 2321 296 2328 ,
417 2239 594 2334 Tridenti,
613 2239 649 2310 in
668 2239 930 2310 Alamanniam
950 2239 1045 2310 redit
1064 2262 1148 2311 cum
1169 2239 1268 2334 suis,
1296 2251 1333 2312 et
1350 2239 1512 2338 impera·

416 2351 476 2412 tor
502 2349 609 2438 pater
634 2337 716 2412 eius
742 2364 810 2437 per
833 2339 967 2412 Tuseie
997 2349 1123 2436 partes
1150 2339 1186 2411 in
1207 2364 1365 2436 regnum
1385 2365 1513 2414 rever·
1641 2395 1643 2414 ,

418 2464 483 2514 sus
510 2449 588 2534 est,
618 2439 717 2511 etin
745 2439 917 2536 Apuliam
947 2439 1123 2536 veniens,
1152 2441 1365 2514 convocatis
1394 2445 1512 2516 adse

415 2539 621 2614 iustitiariis
650 2540 822 2612 omnibus
854 2539 959 2636 regni
989 2539 1066 2636 sui,
1101 2544 1146 2614 ab
1179 2540 1235 2614 eis
1266 2545 1313 2614 dc
1344 2542 1511 2640 acceptis

416 2641 590 2714 omnibus
611 2639 725 2737 exigit
744 2641 940 2713 rationem.

492 2743 596 2814 Tunc
615 2741 746 2838 prelati
767 2765 902 2814 omnes
921 2765 1015 2839 quos
1031 2765 1127 2839 papa
1143 2755 1348 2839 creaverat,
1369 2743 1513 2818 scilieet

415 2844 690 2936 brundusinus,
713 2844 924 2936 Consanus,
944 2841 1204 2914 Salernitanus
1224 2844 1511 2943 archiepiscopi,

415 2945 631 3017 Aversanus
661 2941 875 3039 episcopus,
905 2953 941 3014 et
969 2945 1083 3014 abbas
1102 2943 1229 3016 Sancti
1247 2945 1437 3016 Laurentii
1463 2949 1514 3018 de

417 3047 561 3116 Aversa
580 3042 617 3112 in
638 3041 716 3114 suis
737 3041 908 3114 ecclesiis
929 3041 1166 3140 recipiuntur.

491 3143 569 3215 Rex
578 3141 732 3214 Francie
742 3142 980 3238 Avignonum
990 3146 1186 3216 obsessam
1199 3143 1309 3242 cepit,
1326 3154 1363 3216 et
1378 3144 1513 3218 exinde

417 3267 503 3316 curn
521 3243 647 3340 legato
667 3243 872 3340 apostolice
895 3243 996 3316 sedis
1024 3247 1068 3315 ad
1096 3242 1384 3342 expugnandam
1405 3246 1514 3318 Tolo-

417 3369 498 3418 sam
519 3343 631 3439 vadit,
652 3344 710 3416 ubi
731 3355 953 3439 venenatuS,
974 3353 1015 3416 ut
1032 3343 1176 3438 dicitur,
1196 3345 1293 3418 obiit.

492 3445 700 3543 Imperator
719 3456 861 3517 certum
882 3467 1082 3516 numerum
1100 3446 1259 3518 militum
1278 3445 1401 3544 dirigit
1415 3445 1512 3519 ultra

417 3569 532 3618 mare.

491 3647 677 3742 Nycolaus
698 3649 743 3717 de
757 3645 882 3722 Cicala
902 3655 939 3717 et
959 3647 1092 3720 Petrus
1111 3646 1309 3720 dominus⁸
1326 3645 1433 3720 Ebuli
1452 3670 1514 3720 ce·

418 3749 508 3819 dunt
532 3746 654 3823 officio
682 3745 958 3842 iustitiar'iatuS,
988 3757 1026 3819 et
1050 3747 1263 3844 Roggerius
1291 3750 1336 3820 de
1364 3747 1513 3820 Galluc·
1642 3825 1643 3832 χ

417 3846 473 3918 cio
500 3859 537 3920 et
563 3847 703 3919 Marius
723 3847 941 3946 Rapistrnsl
967 3849 1012 3920 de
1039 3847 1208 3947 Neapoly
1236 3847 1516 3921 substituuntur
1642 3835 1643 3852 ¹

417 3949 572 4022 eisdem.

340 4060 407 4117 Nor.
492 4049 624 4121 Mense
641 4047 863 4121 Novembris
882 4049 1049 4146 Reginus
1070 4059 1108 4120 et
1125 4047 1304 4142 Tyrensis
1330 4047 1515 4146 archiepi-

355 4135 398 4189 ¹⁷·
418 4149 523 4245 scopi
550 4173 634 4220 oum
655 4149 836 4246 magistro
856 4151 990 4222 domus
1009 4149 1302 4222 Alamannorum
1330 4174 1351 4222 a
1378 4172 1515 4222 cesare

416 4272 440 4344 a)
462 4272 563 4326 domini
584 4290 616 4343 c,
636 4275 686 4328 aad
699 4273 733 4342 cs.
750 4289 776 4327 u.
796 4272 877 4327 1225.
952 4271 978 4343 b)
997 4273 1126 4344 rapistrns
1142 4291 1165 4327 c.
