<?xml version="1.0" encoding="UTF-8"?>
<!DOCTYPE html PUBLIC "-//W3C//DTD XHTML 1.0 Transitional//EN"
    "http://www.w3.org/TR/xhtml1/DTD/xhtml1-transitional.dtd">
<html xmlns="http://www.w3.org/1999/xhtml" xml:lang="en" lang="en">
 <head>
  <title>
</title>
<meta http-equiv="Content-Type" content="text/html;charset=utf-8" />
  <meta name='ocr-system' content='tesseract 3.04.00' />
  <meta name='ocr-capabilities' content='ocr_page ocr_carea ocr_par ocr_line ocrx_word'/>
</head>
<body>
  <div class='ocr_page' id='page_1' title='image "./ryccardidesanct00ricagoog_0114.png"; bbox 0 0 3352 5026; ppageno 0'>
   <div class='ocr_carea' id='block_1_1' title="bbox 622 315 638 354">
    <p class='ocr_par' dir='ltr' id='par_1_1' title="bbox 622 315 638 354">
     <span class='ocr_line' id='line_1_1' title="bbox 622 315 638 354; baseline 0 0"><span class='ocrx_word' id='word_1_1' title='bbox 622 315 638 354; x_wconf 88' lang='grc' dir='ltr'><strong><em>Ι</em></strong></span> 
     </span>
    </p>
   </div>
   <div class='ocr_carea' id='block_1_2' title="bbox 396 402 1319 480">
    <p class='ocr_par' dir='ltr' id='par_1_2' title="bbox 396 402 1319 480">
     <span class='ocr_line' id='line_1_2' title="bbox 396 402 1319 480; baseline -0.005 -1"><span class='ocrx_word' id='word_1_2' title='bbox 396 410 470 479; x_wconf 74' lang='lat' dir='ltr'><strong><em>&#39;llll</em></strong></span> <span class='ocrx_word' id='word_1_3' title='bbox 625 403 907 480; x_wconf 85' lang='lat' dir='ltr'><strong>RYCCARDUS</strong></span> <span class='ocrx_word' id='word_1_4' title='bbox 935 405 996 475; x_wconf 86' lang='lat' dir='ltr'><strong><em>DE</em></strong></span> <span class='ocrx_word' id='word_1_5' title='bbox 1023 405 1060 476; x_wconf 87' lang='lat' dir='ltr'><strong><em>S.</em></strong></span> <span class='ocrx_word' id='word_1_6' title='bbox 1089 402 1319 475; x_wconf 84' lang='lat' dir='ltr'><strong>GERMANO</strong></span> 
     </span>
    </p>
   </div>
   <div class='ocr_carea' id='block_1_3' title="bbox 379 603 1540 4310">
    <p class='ocr_par' dir='ltr' id='par_1_3' title="bbox 423 603 1521 1101">
     <span class='ocr_line' id='line_1_3' title="bbox 497 603 1521 700; baseline -0.004 -22"><span class='ocrx_word' id='word_1_7' title='bbox 497 607 627 686; x_wconf 86' lang='lat' dir='ltr'><strong><em>Notum</em></strong></span> <span class='ocrx_word' id='word_1_8' title='bbox 652 629 790 700; x_wconf 82' lang='lat' dir='ltr'><strong><em>quoque</em></strong></span> <span class='ocrx_word' id='word_1_9' title='bbox 815 607 981 694; x_wconf 72' lang='lat' dir='ltr'><strong><em>tacimus,</em></strong></span> <span class='ocrx_word' id='word_1_10' title='bbox 1009 603 1106 698; x_wconf 82' lang='lat' dir='ltr'><strong><em>qrrod</em></strong></span> <span class='ocrx_word' id='word_1_11' title='bbox 1132 603 1296 674; x_wconf 88' lang='lat' dir='ltr'><strong><em>dominns</em></strong></span> <span class='ocrx_word' id='word_1_12' title='bbox 1321 605 1521 696; x_wconf 85' lang='lat' dir='ltr'><strong><em>imperator</em></strong></span> 
     </span>
     <span class='ocr_line' id='line_1_4' title="bbox 423 703 1519 792; baseline -0.003 -15"><span class='ocrx_word' id='word_1_13' title='bbox 423 707 566 778; x_wconf 79' lang='lat' dir='ltr'><strong><em>remittit</em></strong></span> <span class='ocrx_word' id='word_1_14' title='bbox 589 729 726 777; x_wconf 90' lang='lat' dir='ltr'><strong><em>omnem</em></strong></span> <span class='ocrx_word' id='word_1_15' title='bbox 750 707 926 792; x_wconf 79' lang='lat' dir='ltr'><strong><em>offensane</em></strong></span> <span class='ocrx_word' id='word_1_16' title='bbox 949 705 1143 774; x_wconf 87' lang='lat' dir='ltr'><strong><em>Teutonicis</em></strong></span> <span class='ocrx_word' id='word_1_17' title='bbox 1160 703 1376 775; x_wconf 80' lang='lat' dir='ltr'><strong><em>Lerrrbardis</em></strong></span> <span class='ocrx_word' id='word_1_18' title='bbox 1398 703 1519 774; x_wconf 84' lang='lat' dir='ltr'><strong><em>Tuscis</em></strong></span> 
     </span>
     <span class='ocr_line' id='line_1_5' title="bbox 423 803 1519 900; baseline -0.004 -22"><span class='ocrx_word' id='word_1_19' title='bbox 423 813 455 878; x_wconf 90' lang='lat' dir='ltr'><strong><em>cl</em></strong></span> <span class='ocrx_word' id='word_1_20' title='bbox 473 807 671 878; x_wconf 83' lang='lat' dir='ltr'><strong><em>bominibus</em></strong></span> <span class='ocrx_word' id='word_1_21' title='bbox 690 806 807 878; x_wconf 81' lang='lat' dir='ltr'><strong><em>Sicilie</em></strong></span> <span class='ocrx_word' id='word_1_22' title='bbox 825 805 1049 900; x_wconf 83' lang='lat' dir='ltr'><strong><em>penernliter,</em></strong></span> <span class='ocrx_word' id='word_1_23' title='bbox 1077 809 1109 874; x_wconf 90' lang='lat' dir='ltr'><strong><em>et</em></strong></span> <span class='ocrx_word' id='word_1_24' title='bbox 1128 803 1283 895; x_wconf 74' lang='lat' dir='ltr'><strong><em>Gallicis,</em></strong></span> <span class='ocrx_word' id='word_1_25' title='bbox 1311 805 1371 898; x_wconf 83' lang='lat' dir='ltr'><strong><em>qui</em></strong></span> <span class='ocrx_word' id='word_1_26' title='bbox 1390 811 1519 876; x_wconf 89' lang='lat' dir='ltr'><strong><em>contra</em></strong></span> 
     </span>
     <span class='ocr_line' id='line_1_6' title="bbox 425 903 1518 995; baseline -0.004 -17"><span class='ocrx_word' id='word_1_27' title='bbox 425 931 502 978; x_wconf 89' lang='lat' dir='ltr'><strong><em>eum</em></strong></span> <span class='ocrx_word' id='word_1_28' title='bbox 519 907 681 978; x_wconf 78' lang='lat' dir='ltr'><strong><em>Romane</em></strong></span> <span class='ocrx_word' id='word_1_29' title='bbox 699 907 840 978; x_wconf 82' lang='lat' dir='ltr'><strong><em>ecclesie</em></strong></span> <span class='ocrx_word' id='word_1_30' title='bbox 859 905 1084 995; x_wconf 82' lang='lat' dir='ltr'><strong><em>adheserunt,</em></strong></span> <span class='ocrx_word' id='word_1_31' title='bbox 1104 909 1138 976; x_wconf 89' lang='lat' dir='ltr'><strong><em>ct</em></strong></span> <span class='ocrx_word' id='word_1_32' title='bbox 1155 903 1285 974; x_wconf 88' lang='lat' dir='ltr'><strong><em>dictum</em></strong></span> <span class='ocrx_word' id='word_1_33' title='bbox 1299 903 1518 974; x_wconf 77' lang='lat' dir='ltr'><strong><em>deerrarum</em></strong></span> 
     </span>
     <span class='ocr_line' id='line_1_7' title="bbox 426 993 1519 1101; baseline -0.004 -22"><span class='ocrx_word' id='word_1_34' title='bbox 426 1009 588 1079; x_wconf 89' lang='lat' dir='ltr'><strong><em>comitem</em></strong></span> <span class='ocrx_word' id='word_1_35' title='bbox 607 993 690 1090; x_wconf 77' lang='lat' dir='ltr'><strong><em>tecit</em></strong></span> <span class='ocrx_word' id='word_1_36' title='bbox 707 1009 841 1098; x_wconf 87' lang='lat' dir='ltr'><strong><em>iurare,</em></strong></span> <span class='ocrx_word' id='word_1_37' title='bbox 860 1005 957 1101; x_wconf 86' lang='lat' dir='ltr'><strong><em>quod</em></strong></span> <span class='ocrx_word' id='word_1_38' title='bbox 974 1005 1070 1076; x_wconf 79' lang='lat' dir='ltr'><strong><em>neella</em></strong></span> <span class='ocrx_word' id='word_1_39' title='bbox 1088 1027 1247 1098; x_wconf 83' lang='lat' dir='ltr'><strong><em>unquam</em></strong></span> <span class='ocrx_word' id='word_1_40' title='bbox 1265 1009 1423 1097; x_wconf 89' lang='lat' dir='ltr'><strong><em>tempore</em></strong></span> <span class='ocrx_word' id='word_1_41' title='bbox 1438 1027 1519 1098; x_wconf 88' lang='lat' dir='ltr'><strong><em>pre·</em></strong></span> 
     </span>
    </p>

    <p class='ocr_par' dir='ltr' id='par_1_4' title="bbox 379 1103 1535 3903">
     <span class='ocr_line' id='line_1_8' title="bbox 379 1103 1520 1200; baseline -0.004 -22"><span class='ocrx_word' id='word_1_42' title='bbox 379 1191 380 1194; x_wconf 8' lang='grc' dir='ltr'><strong>Ἴ</strong></span> <span class='ocrx_word' id='word_1_43' title='bbox 426 1107 540 1179; x_wconf 89' lang='lat' dir='ltr'><strong><em>dictos</em></strong></span> <span class='ocrx_word' id='word_1_44' title='bbox 558 1107 712 1193; x_wconf 82' lang='lat' dir='ltr'><strong><em>offendet</em></strong></span> <span class='ocrx_word' id='word_1_45' title='bbox 730 1131 793 1178; x_wconf 89' lang='lat' dir='ltr'><strong><em>nec</em></strong></span> <span class='ocrx_word' id='word_1_46' title='bbox 810 1108 986 1200; x_wconf 84' lang='lat' dir='ltr'><strong><em>permittet</em></strong></span> <span class='ocrx_word' id='word_1_47' title='bbox 1004 1103 1139 1190; x_wconf 81' lang='lat' dir='ltr'><strong><em>offendi</em></strong></span> <span class='ocrx_word' id='word_1_48' title='bbox 1154 1127 1221 1196; x_wconf 91' lang='lat' dir='ltr'><strong><em>pro</em></strong></span> <span class='ocrx_word' id='word_1_49' title='bbox 1241 1128 1293 1194; x_wconf 89' lang='lat' dir='ltr'><strong><em>eo,</em></strong></span> <span class='ocrx_word' id='word_1_50' title='bbox 1322 1105 1419 1198; x_wconf 86' lang='lat' dir='ltr'><strong><em>quod</em></strong></span> <span class='ocrx_word' id='word_1_51' title='bbox 1436 1127 1520 1176; x_wconf 91' lang='lat' dir='ltr'><strong><em>con-</em></strong></span> 
     </span>
     <span class='ocr_line' id='line_1_9' title="bbox 425 1204 1520 1298; baseline -0.002 -20"><span class='ocrx_word' id='word_1_52' title='bbox 425 1215 600 1298; x_wconf 87' lang='lat' dir='ltr'><strong><em>tracum,</em></strong></span> <span class='ocrx_word' id='word_1_53' title='bbox 628 1215 710 1278; x_wconf 92' lang='lat' dir='ltr'><strong><em>orta</em></strong></span> <span class='ocrx_word' id='word_1_54' title='bbox 737 1207 940 1298; x_wconf 75' lang='lat' dir='ltr'><strong><em>discordia,</em></strong></span> <span class='ocrx_word' id='word_1_55' title='bbox 967 1204 1128 1275; x_wconf 81' lang='lat' dir='ltr'><strong><em>Romane</em></strong></span> <span class='ocrx_word' id='word_1_56' title='bbox 1153 1204 1294 1276; x_wconf 79' lang='lat' dir='ltr'><strong><em>ecclesie</em></strong></span> <span class='ocrx_word' id='word_1_57' title='bbox 1319 1205 1520 1292; x_wconf 89' lang='lat' dir='ltr'><strong><em>astiterunt,</em></strong></span> 
     </span>
     <span class='ocr_line' id='line_1_10' title="bbox 426 1304 1521 1400; baseline -0.004 -22"><span class='ocrx_word' id='word_1_58' title='bbox 426 1313 479 1378; x_wconf 89' lang='lat' dir='ltr'><strong><em>set</em></strong></span> <span class='ocrx_word' id='word_1_59' title='bbox 494 1333 620 1400; x_wconf 81' lang='lat' dir='ltr'><strong><em>pacem</em></strong></span> <span class='ocrx_word' id='word_1_60' title='bbox 640 1309 688 1378; x_wconf 91' lang='lat' dir='ltr'><strong><em>eis</em></strong></span> <span class='ocrx_word' id='word_1_61' title='bbox 708 1314 742 1378; x_wconf 92' lang='lat' dir='ltr'><strong><em>et</em></strong></span> <span class='ocrx_word' id='word_1_62' title='bbox 759 1307 899 1384; x_wconf 88' lang='lat' dir='ltr'><strong><em>ecclesie</em></strong></span> <span class='ocrx_word' id='word_1_63' title='bbox 918 1305 1130 1376; x_wconf 88' lang='lat' dir='ltr'><strong><em>observabit.</em></strong></span> <span class='ocrx_word' id='word_1_64' title='bbox 1160 1304 1314 1376; x_wconf 88' lang='lat' dir='ltr'><strong><em>llemittit</em></strong></span> <span class='ocrx_word' id='word_1_65' title='bbox 1326 1307 1432 1374; x_wconf 90' lang='lat' dir='ltr'><strong><em>elium</em></strong></span> <span class='ocrx_word' id='word_1_66' title='bbox 1446 1306 1521 1397; x_wconf 89' lang='lat' dir='ltr'><strong><em>ipse</em></strong></span> 
     </span>
     <span class='ocr_line' id='line_1_11' title="bbox 427 1405 1522 1499; baseline -0.002 -21"><span class='ocrx_word' id='word_1_67' title='bbox 427 1407 578 1478; x_wconf 84' lang='lat' dir='ltr'><strong><em>domnus</em></strong></span> <span class='ocrx_word' id='word_1_68' title='bbox 604 1410 801 1499; x_wconf 74' lang='lat' dir='ltr'><strong><em>insperatae</em></strong></span> <span class='ocrx_word' id='word_1_69' title='bbox 824 1408 1016 1479; x_wconf 90' lang='lat' dir='ltr'><strong><em>sententias</em></strong></span> <span class='ocrx_word' id='word_1_70' title='bbox 1041 1407 1305 1476; x_wconf 77' lang='lat' dir='ltr'><strong><em>constitutiones</em></strong></span> <span class='ocrx_word' id='word_1_71' title='bbox 1330 1411 1362 1476; x_wconf 90' lang='lat' dir='ltr'><strong><em>et</em></strong></span> <span class='ocrx_word' id='word_1_72' title='bbox 1386 1405 1522 1494; x_wconf 72' lang='lat' dir='ltr'><strong><em>banna,</em></strong></span> 
     </span>
     <span class='ocr_line' id='line_1_12' title="bbox 427 1504 1521 1602; baseline -0.001 -25"><span class='ocrx_word' id='word_1_73' title='bbox 427 1511 458 1578; x_wconf 90' lang='lat' dir='ltr'><strong><em>si</em></strong></span> <span class='ocrx_word' id='word_1_74' title='bbox 482 1531 553 1602; x_wconf 77' lang='lat' dir='ltr'><strong><em>qvia</em></strong></span> <span class='ocrx_word' id='word_1_75' title='bbox 577 1532 642 1600; x_wconf 91' lang='lat' dir='ltr'><strong><em>per</em></strong></span> <span class='ocrx_word' id='word_1_76' title='bbox 667 1532 744 1579; x_wconf 88' lang='lat' dir='ltr'><strong><em>eurn</em></strong></span> <span class='ocrx_word' id='word_1_77' title='bbox 770 1508 825 1579; x_wconf 89' lang='lat' dir='ltr'><strong><em>vel</em></strong></span> <span class='ocrx_word' id='word_1_78' title='bbox 843 1531 910 1600; x_wconf 89' lang='lat' dir='ltr'><strong><em>per</em></strong></span> <span class='ocrx_word' id='word_1_79' title='bbox 936 1505 1027 1576; x_wconf 89' lang='lat' dir='ltr'><strong><em>alios</em></strong></span> <span class='ocrx_word' id='word_1_80' title='bbox 1052 1507 1130 1576; x_wconf 92' lang='lat' dir='ltr'><strong><em>lata</em></strong></span> <span class='ocrx_word' id='word_1_81' title='bbox 1158 1504 1212 1576; x_wconf 90' lang='lat' dir='ltr'><strong><em>vel</em></strong></span> <span class='ocrx_word' id='word_1_82' title='bbox 1234 1504 1337 1575; x_wconf 85' lang='lat' dir='ltr'><strong><em>edita</em></strong></span> <span class='ocrx_word' id='word_1_83' title='bbox 1355 1510 1438 1576; x_wconf 89' lang='lat' dir='ltr'><strong><em>sunt</em></strong></span> <span class='ocrx_word' id='word_1_84' title='bbox 1461 1529 1521 1576; x_wconf 85' lang='lat' dir='ltr'><strong><em>oc·</em></strong></span> 
     </span>
     <span class='ocr_line' id='line_1_13' title="bbox 427 1605 1524 1698; baseline -0.003 -19"><span class='ocrx_word' id='word_1_85' title='bbox 427 1611 572 1679; x_wconf 88' lang='lat' dir='ltr'><strong><em>casioue</em></strong></span> <span class='ocrx_word' id='word_1_86' title='bbox 590 1609 792 1678; x_wconf 81' lang='lat' dir='ltr'><strong><em>huiusmodi</em></strong></span> <span class='ocrx_word' id='word_1_87' title='bbox 810 1613 937 1678; x_wconf 88' lang='lat' dir='ltr'><strong><em>contra</em></strong></span> <span class='ocrx_word' id='word_1_88' title='bbox 962 1630 1030 1678; x_wconf 89' lang='lat' dir='ltr'><strong><em>eos.</em></strong></span> <span class='ocrx_word' id='word_1_89' title='bbox 1084 1605 1261 1676; x_wconf 89' lang='lat' dir='ltr'><strong><em>Promittit</em></strong></span> <span class='ocrx_word' id='word_1_90' title='bbox 1279 1607 1398 1696; x_wconf 80' lang='lat' dir='ltr'><strong><em>etiarn,</em></strong></span> <span class='ocrx_word' id='word_1_91' title='bbox 1426 1605 1524 1698; x_wconf 84' lang='lat' dir='ltr'><strong><em>quod</em></strong></span> 
     </span>
     <span class='ocr_line' id='line_1_14' title="bbox 427 1705 1525 1798; baseline -0.004 -20"><span class='ocrx_word' id='word_1_92' title='bbox 427 1715 546 1779; x_wconf 89' lang='lat' dir='ltr'><strong><em>terras</em></strong></span> <span class='ocrx_word' id='word_1_93' title='bbox 573 1709 715 1779; x_wconf 86' lang='lat' dir='ltr'><strong><em>ecclesie</em></strong></span> <span class='ocrx_word' id='word_1_94' title='bbox 740 1711 774 1778; x_wconf 88' lang='lat' dir='ltr'><strong><em>iu</em></strong></span> <span class='ocrx_word' id='word_1_95' title='bbox 800 1708 932 1778; x_wconf 89' lang='lat' dir='ltr'><strong><em>ducatu</em></strong></span> <span class='ocrx_word' id='word_1_96' title='bbox 960 1713 993 1776; x_wconf 89' lang='lat' dir='ltr'><strong><em>et</em></strong></span> <span class='ocrx_word' id='word_1_97' title='bbox 1020 1705 1183 1779; x_wconf 82' lang='lat' dir='ltr'><strong><em>marchia</em></strong></span> <span class='ocrx_word' id='word_1_98' title='bbox 1214 1728 1276 1776; x_wconf 89' lang='lat' dir='ltr'><strong><em>seu</em></strong></span> <span class='ocrx_word' id='word_1_99' title='bbox 1309 1705 1381 1776; x_wconf 90' lang='lat' dir='ltr'><strong><em>alio</em></strong></span> <span class='ocrx_word' id='word_1_100' title='bbox 1407 1707 1525 1798; x_wconf 87' lang='lat' dir='ltr'><strong><em>patri·</em></strong></span> 
     </span>
     <span class='ocr_line' id='line_1_15' title="bbox 429 1804 1526 1898; baseline -0.002 -20"><span class='ocrx_word' id='word_1_101' title='bbox 429 1811 548 1878; x_wconf 86' lang='lat' dir='ltr'><strong><em>raonio</em></strong></span> <span class='ocrx_word' id='word_1_102' title='bbox 578 1808 717 1879; x_wconf 87' lang='lat' dir='ltr'><strong><em>ecclesie</em></strong></span> <span class='ocrx_word' id='word_1_103' title='bbox 743 1831 814 1878; x_wconf 92' lang='lat' dir='ltr'><strong><em>non</em></strong></span> <span class='ocrx_word' id='word_1_104' title='bbox 841 1807 984 1878; x_wconf 89' lang='lat' dir='ltr'><strong><em>invadet</em></strong></span> <span class='ocrx_word' id='word_1_105' title='bbox 1011 1830 1074 1878; x_wconf 91' lang='lat' dir='ltr'><strong><em>nec</em></strong></span> <span class='ocrx_word' id='word_1_106' title='bbox 1099 1807 1300 1876; x_wconf 90' lang='lat' dir='ltr'><strong><em>devastabit</em></strong></span> <span class='ocrx_word' id='word_1_107' title='bbox 1323 1829 1446 1898; x_wconf 89' lang='lat' dir='ltr'><strong><em>perse</em></strong></span> <span class='ocrx_word' id='word_1_108' title='bbox 1470 1804 1526 1876; x_wconf 89' lang='lat' dir='ltr'><strong><em>vel</em></strong></span> 
     </span>
     <span class='ocr_line' id='line_1_16' title="bbox 425 1905 1525 2002; baseline -0.003 -25"><span class='ocrx_word' id='word_1_109' title='bbox 425 1932 492 2002; x_wconf 91' lang='lat' dir='ltr'><strong><em>per</em></strong></span> <span class='ocrx_word' id='word_1_110' title='bbox 519 1908 621 2000; x_wconf 88' lang='lat' dir='ltr'><strong><em>alios,</em></strong></span> <span class='ocrx_word' id='word_1_111' title='bbox 650 1911 741 1979; x_wconf 90' lang='lat' dir='ltr'><strong><em>sicul</em></strong></span> <span class='ocrx_word' id='word_1_112' title='bbox 763 1911 798 1978; x_wconf 93' lang='lat' dir='ltr'><strong><em>in</em></strong></span> <span class='ocrx_word' id='word_1_113' title='bbox 823 1909 963 1998; x_wconf 86' lang='lat' dir='ltr'><strong><em>scriptis</em></strong></span> <span class='ocrx_word' id='word_1_114' title='bbox 989 1907 1035 1977; x_wconf 91' lang='lat' dir='ltr'><strong><em>ab</em></strong></span> <span class='ocrx_word' id='word_1_115' title='bbox 1060 1909 1137 1998; x_wconf 90' lang='lat' dir='ltr'><strong><em>ipso</em></strong></span> <span class='ocrx_word' id='word_1_116' title='bbox 1157 1905 1288 1979; x_wconf 82' lang='lat' dir='ltr'><strong><em>dorrrna</em></strong></span> <span class='ocrx_word' id='word_1_117' title='bbox 1307 1907 1525 1998; x_wconf 85' lang='lat' dir='ltr'><strong><em>imperatore</em></strong></span> 
     </span>
     <span class='ocr_line' id='line_1_17' title="bbox 428 2003 1526 2101; baseline -0.001 -23"><span class='ocrx_word' id='word_1_118' title='bbox 428 2011 537 2092; x_wconf 79' lang='lat' dir='ltr'><strong><em>factis</em></strong></span> <span class='ocrx_word' id='word_1_119' title='bbox 561 2031 667 2101; x_wconf 91' lang='lat' dir='ltr'><strong><em>super</em></strong></span> <span class='ocrx_word' id='word_1_120' title='bbox 690 2008 857 2101; x_wconf 85' lang='lat' dir='ltr'><strong><em>predictis</em></strong></span> <span class='ocrx_word' id='word_1_121' title='bbox 884 2007 1056 2097; x_wconf 83' lang='lat' dir='ltr'><strong><em>orrrnibas,</em></strong></span> <span class='ocrx_word' id='word_1_122' title='bbox 1084 2003 1186 2076; x_wconf 91' lang='lat' dir='ltr'><strong><em>bullis</em></strong></span> <span class='ocrx_word' id='word_1_123' title='bbox 1206 2007 1326 2076; x_wconf 89' lang='lat' dir='ltr'><strong><em>aureis</em></strong></span> <span class='ocrx_word' id='word_1_124' title='bbox 1343 2007 1526 2098; x_wconf 88' lang='lat' dir='ltr'><strong><em>impressis</em></strong></span> 
     </span>
     <span class='ocr_line' id='line_1_18' title="bbox 430 2105 1524 2202; baseline -0.003 -24"><span class='ocrx_word' id='word_1_125' title='bbox 430 2115 462 2178; x_wconf 92' lang='lat' dir='ltr'><strong><em>et</em></strong></span> <span class='ocrx_word' id='word_1_126' title='bbox 487 2111 637 2202; x_wconf 78' lang='lat' dir='ltr'><strong><em>lypariis</em></strong></span> <span class='ocrx_word' id='word_1_127' title='bbox 662 2133 723 2180; x_wconf 89' lang='lat' dir='ltr'><strong><em>sue</em></strong></span> <span class='ocrx_word' id='word_1_128' title='bbox 749 2109 958 2202; x_wconf 84' lang='lat' dir='ltr'><strong><em>mapestatis</em></strong></span> <span class='ocrx_word' id='word_1_129' title='bbox 980 2108 1122 2178; x_wconf 88' lang='lat' dir='ltr'><strong><em>nrunitis</em></strong></span> <span class='ocrx_word' id='word_1_130' title='bbox 1139 2105 1297 2198; x_wconf 87' lang='lat' dir='ltr'><strong><em>plenarie</em></strong></span> <span class='ocrx_word' id='word_1_131' title='bbox 1316 2108 1524 2176; x_wconf 83' lang='lat' dir='ltr'><strong><em>continetur.</em></strong></span> 
     </span>
     <span class='ocr_line' id='line_1_19' title="bbox 430 2205 1526 2299; baseline -0.003 -19"><span class='ocrx_word' id='word_1_132' title='bbox 430 2209 505 2280; x_wconf 79' lang='lat' dir='ltr'><strong><em>llos</em></strong></span> <span class='ocrx_word' id='word_1_133' title='bbox 525 2215 642 2280; x_wconf 88' lang='lat' dir='ltr'><strong><em>autern</em></strong></span> <span class='ocrx_word' id='word_1_134' title='bbox 662 2209 907 2279; x_wconf 78' lang='lat' dir='ltr'><strong><em>nichilominus</em></strong></span> <span class='ocrx_word' id='word_1_135' title='bbox 926 2209 1031 2278; x_wconf 90' lang='lat' dir='ltr'><strong><em>tactis</em></strong></span> <span class='ocrx_word' id='word_1_136' title='bbox 1049 2208 1295 2276; x_wconf 90' lang='lat' dir='ltr'><strong><em>sacrosanctis</em></strong></span> <span class='ocrx_word' id='word_1_137' title='bbox 1320 2205 1526 2299; x_wconf 85' lang='lat' dir='ltr'><strong><em>euanpeliis,</em></strong></span> 
     </span>
     <span class='ocr_line' id='line_1_20' title="bbox 430 2305 1529 2402; baseline 0 -24"><span class='ocrx_word' id='word_1_138' title='bbox 430 2312 628 2380; x_wconf 88' lang='lat' dir='ltr'><strong><em>iuravimus</em></strong></span> <span class='ocrx_word' id='word_1_139' title='bbox 640 2333 841 2402; x_wconf 86' lang='lat' dir='ltr'><strong><em>procurare</em></strong></span> <span class='ocrx_word' id='word_1_140' title='bbox 855 2310 948 2379; x_wconf 90' lang='lat' dir='ltr'><strong><em>bona</em></strong></span> <span class='ocrx_word' id='word_1_141' title='bbox 966 2309 1045 2401; x_wconf 69' lang='lat' dir='ltr'><strong><em>ride,</em></strong></span> <span class='ocrx_word' id='word_1_142' title='bbox 1065 2307 1160 2402; x_wconf 79' lang='lat' dir='ltr'><strong><em>querd</em></strong></span> <span class='ocrx_word' id='word_1_143' title='bbox 1176 2306 1355 2399; x_wconf 88' lang='lat' dir='ltr'><strong><em>predictus</em></strong></span> <span class='ocrx_word' id='word_1_144' title='bbox 1375 2305 1529 2378; x_wconf 85' lang='lat' dir='ltr'><strong><em>domnus</em></strong></span> 
     </span>
     <span class='ocr_line' id='line_1_21' title="bbox 432 2408 1526 2502; baseline -0.004 -24"><span class='ocrx_word' id='word_1_145' title='bbox 432 2413 630 2502; x_wconf 89' lang='lat' dir='ltr'><strong><em>imperator</em></strong></span> <span class='ocrx_word' id='word_1_146' title='bbox 654 2410 816 2502; x_wconf 87' lang='lat' dir='ltr'><strong><em>predicta</em></strong></span> <span class='ocrx_word' id='word_1_147' title='bbox 845 2408 1010 2499; x_wconf 74' lang='lat' dir='ltr'><strong><em>servabit,</em></strong></span> <span class='ocrx_word' id='word_1_148' title='bbox 1039 2415 1072 2477; x_wconf 89' lang='lat' dir='ltr'><strong><em>et</em></strong></span> <span class='ocrx_word' id='word_1_149' title='bbox 1098 2413 1224 2478; x_wconf 90' lang='lat' dir='ltr'><strong><em>contra</em></strong></span> <span class='ocrx_word' id='word_1_150' title='bbox 1252 2431 1294 2478; x_wconf 92' lang='lat' dir='ltr'><strong><em>ea</em></strong></span> <span class='ocrx_word' id='word_1_151' title='bbox 1315 2431 1387 2476; x_wconf 91' lang='lat' dir='ltr'><strong><em>nan</em></strong></span> <span class='ocrx_word' id='word_1_152' title='bbox 1405 2408 1526 2478; x_wconf 90' lang='lat' dir='ltr'><strong><em>veniet.</em></strong></span> 
     </span>
     <span class='ocr_line' id='line_1_22' title="bbox 436 2508 1527 2601; baseline -0.003 -22"><span class='ocrx_word' id='word_1_153' title='bbox 436 2510 539 2598; x_wconf 80' lang='lat' dir='ltr'><strong><em>(lund</em></strong></span> <span class='ocrx_word' id='word_1_154' title='bbox 556 2511 586 2579; x_wconf 91' lang='lat' dir='ltr'><strong><em>si</em></strong></span> <span class='ocrx_word' id='word_1_155' title='bbox 603 2514 712 2598; x_wconf 78' lang='lat' dir='ltr'><strong><em>fieret,</em></strong></span> <span class='ocrx_word' id='word_1_156' title='bbox 740 2511 806 2579; x_wconf 88' lang='lat' dir='ltr'><strong><em>nisi</em></strong></span> <span class='ocrx_word' id='word_1_157' title='bbox 827 2511 924 2591; x_wconf 74' lang='lat' dir='ltr'><strong><em>intro</em></strong></span> <span class='ocrx_word' id='word_1_158' title='bbox 943 2514 1014 2578; x_wconf 91' lang='lat' dir='ltr'><strong><em>tres</em></strong></span> <span class='ocrx_word' id='word_1_159' title='bbox 1033 2531 1169 2578; x_wconf 78' lang='lat' dir='ltr'><strong><em>incuses</em></strong></span> <span class='ocrx_word' id='word_1_160' title='bbox 1187 2510 1222 2576; x_wconf 90' lang='lat' dir='ltr'><strong><em>in</em></strong></span> <span class='ocrx_word' id='word_1_161' title='bbox 1242 2531 1401 2601; x_wconf 79' lang='lat' dir='ltr'><strong><em>repuum,</em></strong></span> <span class='ocrx_word' id='word_1_162' title='bbox 1428 2508 1527 2590; x_wconf 74' lang='lat' dir='ltr'><strong><em>intra</em></strong></span> 
     </span>
     <span class='ocr_line' id='line_1_23' title="bbox 435 2607 1530 2704; baseline -0.004 -24"><span class='ocrx_word' id='word_1_163' title='bbox 435 2615 591 2704; x_wconf 78' lang='lat' dir='ltr'><strong><em>qurrtuor</em></strong></span> <span class='ocrx_word' id='word_1_164' title='bbox 608 2612 643 2680; x_wconf 87' lang='lat' dir='ltr'><strong><em>in</em></strong></span> <span class='ocrx_word' id='word_1_165' title='bbox 658 2609 813 2700; x_wconf 87' lang='lat' dir='ltr'><strong><em>ltaliam,</em></strong></span> <span class='ocrx_word' id='word_1_166' title='bbox 833 2611 931 2692; x_wconf 75' lang='lat' dir='ltr'><strong><em>infra</em></strong></span> <span class='ocrx_word' id='word_1_167' title='bbox 946 2611 1096 2703; x_wconf 78' lang='lat' dir='ltr'><strong><em>quicuque</em></strong></span> <span class='ocrx_word' id='word_1_168' title='bbox 1111 2613 1213 2678; x_wconf 79' lang='lat' dir='ltr'><strong><em>estro</em></strong></span> <span class='ocrx_word' id='word_1_169' title='bbox 1227 2607 1371 2678; x_wconf 87' lang='lat' dir='ltr'><strong><em>ltaliam</em></strong></span> <span class='ocrx_word' id='word_1_170' title='bbox 1388 2607 1530 2679; x_wconf 85' lang='lat' dir='ltr'><strong><em>duuerit</em></strong></span> 
     </span>
     <span class='ocr_line' id='line_1_24' title="bbox 435 2707 1528 2803; baseline -0.004 -23"><span class='ocrx_word' id='word_1_171' title='bbox 435 2709 713 2800; x_wconf 63' lang='lat' dir='ltr'><strong><em>carcedonium,</em></strong></span> <span class='ocrx_word' id='word_1_172' title='bbox 748 2713 910 2802; x_wconf 70' lang='lat' dir='ltr'><strong><em>pudenter</em></strong></span> <span class='ocrx_word' id='word_1_173' title='bbox 935 2733 978 2779; x_wconf 89' lang='lat' dir='ltr'><strong><em>ae</em></strong></span> <span class='ocrx_word' id='word_1_174' title='bbox 1003 2714 1167 2802; x_wconf 90' lang='lat' dir='ltr'><strong><em>patenter</em></strong></span> <span class='ocrx_word' id='word_1_175' title='bbox 1191 2707 1242 2778; x_wconf 90' lang='lat' dir='ltr'><strong><em>ad</em></strong></span> <span class='ocrx_word' id='word_1_176' title='bbox 1268 2709 1528 2803; x_wconf 86' lang='lat' dir='ltr'><strong><em>requisitionem</em></strong></span> 
     </span>
     <span class='ocr_line' id='line_1_25' title="bbox 435 2807 1529 2901; baseline -0.002 -21"><span class='ocrx_word' id='word_1_177' title='bbox 435 2810 578 2881; x_wconf 87' lang='lat' dir='ltr'><strong><em>ecclesie</em></strong></span> <span class='ocrx_word' id='word_1_178' title='bbox 593 2813 800 2882; x_wconf 86' lang='lat' dir='ltr'><strong><em>assistemus</em></strong></span> <span class='ocrx_word' id='word_1_179' title='bbox 814 2813 845 2880; x_wconf 90' lang='lat' dir='ltr'><strong><em>ei</em></strong></span> <span class='ocrx_word' id='word_1_180' title='bbox 863 2816 990 2879; x_wconf 93' lang='lat' dir='ltr'><strong><em>contra</em></strong></span> <span class='ocrx_word' id='word_1_181' title='bbox 1011 2808 1157 2879; x_wconf 85' lang='lat' dir='ltr'><strong><em>eundern</em></strong></span> <span class='ocrx_word' id='word_1_182' title='bbox 1178 2807 1346 2880; x_wconf 90' lang='lat' dir='ltr'><strong><em>domnum</em></strong></span> <span class='ocrx_word' id='word_1_183' title='bbox 1374 2811 1529 2901; x_wconf 86' lang='lat' dir='ltr'><strong><em>impera·</em></strong></span> 
     </span>
     <span class='ocr_line' id='line_1_26' title="bbox 435 2908 1530 3004; baseline -0.003 -23"><span class='ocrx_word' id='word_1_184' title='bbox 435 2919 559 3004; x_wconf 89' lang='lat' dir='ltr'><strong><em>torem,</em></strong></span> <span class='ocrx_word' id='word_1_185' title='bbox 588 2911 699 2980; x_wconf 90' lang='lat' dir='ltr'><strong><em>donec</em></strong></span> <span class='ocrx_word' id='word_1_186' title='bbox 723 2913 943 2994; x_wconf 79' lang='lat' dir='ltr'><strong><em>satisfecerit.</em></strong></span> <span class='ocrx_word' id='word_1_187' title='bbox 1000 2908 1102 2995; x_wconf 77' lang='lat' dir='ltr'><strong><em>(laod</em></strong></span> <span class='ocrx_word' id='word_1_188' title='bbox 1128 2911 1158 2980; x_wconf 90' lang='lat' dir='ltr'><strong><em>si</em></strong></span> <span class='ocrx_word' id='word_1_189' title='bbox 1181 2933 1245 3001; x_wconf 91' lang='lat' dir='ltr'><strong><em>per</em></strong></span> <span class='ocrx_word' id='word_1_190' title='bbox 1272 2909 1441 2980; x_wconf 88' lang='lat' dir='ltr'><strong><em>domnum</em></strong></span> <span class='ocrx_word' id='word_1_191' title='bbox 1466 2911 1530 2978; x_wconf 88' lang='lat' dir='ltr'><strong><em>im-</em></strong></span> 
     </span>
     <span class='ocr_line' id='line_1_27' title="bbox 431 3008 1531 3106; baseline -0.001 -26"><span class='ocrx_word' id='word_1_192' title='bbox 431 3017 637 3106; x_wconf 88' lang='lat' dir='ltr'><strong><em>peratorem</em></strong></span> <span class='ocrx_word' id='word_1_193' title='bbox 664 3011 807 3100; x_wconf 89' lang='lat' dir='ltr'><strong><em>steterit,</em></strong></span> <span class='ocrx_word' id='word_1_194' title='bbox 835 3009 930 3104; x_wconf 81' lang='lat' dir='ltr'><strong><em>qecod</em></strong></span> <span class='ocrx_word' id='word_1_195' title='bbox 956 3009 1112 3079; x_wconf 89' lang='lat' dir='ltr'><strong><em>arbitros</em></strong></span> <span class='ocrx_word' id='word_1_196' title='bbox 1130 3031 1202 3080; x_wconf 90' lang='lat' dir='ltr'><strong><em>non</em></strong></span> <span class='ocrx_word' id='word_1_197' title='bbox 1221 3009 1372 3102; x_wconf 80' lang='lat' dir='ltr'><strong><em>deperit,</em></strong></span> <span class='ocrx_word' id='word_1_198' title='bbox 1401 3008 1453 3079; x_wconf 89' lang='lat' dir='ltr'><strong><em>vel</em></strong></span> <span class='ocrx_word' id='word_1_199' title='bbox 1471 3032 1531 3079; x_wconf 92' lang='lat' dir='ltr'><strong><em>ar-</em></strong></span> 
     </span>
     <span class='ocr_line' id='line_1_28' title="bbox 438 3108 1531 3202; baseline -0.002 -22"><span class='ocrx_word' id='word_1_200' title='bbox 438 3113 548 3180; x_wconf 86' lang='lat' dir='ltr'><strong><em>bitros</em></strong></span> <span class='ocrx_word' id='word_1_201' title='bbox 566 3109 785 3201; x_wconf 84' lang='lat' dir='ltr'><strong><em>impediverit</em></strong></span> <span class='ocrx_word' id='word_1_202' title='bbox 801 3133 843 3180; x_wconf 92' lang='lat' dir='ltr'><strong><em>ne</em></strong></span> <span class='ocrx_word' id='word_1_203' title='bbox 859 3108 1071 3202; x_wconf 80' lang='lat' dir='ltr'><strong><em>procedant,</em></strong></span> <span class='ocrx_word' id='word_1_204' title='bbox 1091 3133 1157 3180; x_wconf 93' lang='lat' dir='ltr'><strong><em>nos</em></strong></span> <span class='ocrx_word' id='word_1_205' title='bbox 1172 3109 1312 3182; x_wconf 88' lang='lat' dir='ltr'><strong><em>ecclesie</em></strong></span> <span class='ocrx_word' id='word_1_206' title='bbox 1326 3109 1531 3199; x_wconf 82' lang='lat' dir='ltr'><strong><em>tenebimur,</em></strong></span> 
     </span>
     <span class='ocr_line' id='line_1_29' title="bbox 437 3209 1533 3302; baseline 0 -22"><span class='ocrx_word' id='word_1_207' title='bbox 437 3217 476 3280; x_wconf 94' lang='lat' dir='ltr'><strong><em>ut</em></strong></span> <span class='ocrx_word' id='word_1_208' title='bbox 502 3215 555 3280; x_wconf 90' lang='lat' dir='ltr'><strong><em>est</em></strong></span> <span class='ocrx_word' id='word_1_209' title='bbox 579 3211 758 3302; x_wconf 88' lang='lat' dir='ltr'><strong><em>scriptum.</em></strong></span> <span class='ocrx_word' id='word_1_210' title='bbox 808 3209 847 3280; x_wconf 86' lang='lat' dir='ltr'><strong><em>Si</em></strong></span> <span class='ocrx_word' id='word_1_211' title='bbox 874 3217 991 3280; x_wconf 78' lang='lat' dir='ltr'><strong><em>(cutem</em></strong></span> <span class='ocrx_word' id='word_1_212' title='bbox 1017 3209 1165 3280; x_wconf 87' lang='lat' dir='ltr'><strong><em>ecclesia</em></strong></span> <span class='ocrx_word' id='word_1_213' title='bbox 1185 3209 1342 3280; x_wconf 86' lang='lat' dir='ltr'><strong><em>arbitros</em></strong></span> <span class='ocrx_word' id='word_1_214' title='bbox 1361 3209 1452 3280; x_wconf 88' lang='lat' dir='ltr'><strong><em>dare</em></strong></span> <span class='ocrx_word' id='word_1_215' title='bbox 1471 3231 1533 3280; x_wconf 91' lang='lat' dir='ltr'><strong><em>no-</em></strong></span> 
     </span>
     <span class='ocr_line' id='line_1_30' title="bbox 438 3309 1533 3404; baseline -0.001 -23"><span class='ocrx_word' id='word_1_216' title='bbox 438 3311 552 3402; x_wconf 89' lang='lat' dir='ltr'><strong><em>luerit,</em></strong></span> <span class='ocrx_word' id='word_1_217' title='bbox 580 3310 634 3380; x_wconf 91' lang='lat' dir='ltr'><strong><em>vel</em></strong></span> <span class='ocrx_word' id='word_1_218' title='bbox 651 3310 758 3380; x_wconf 70' lang='lat' dir='ltr'><strong><em>deltos</em></strong></span> <span class='ocrx_word' id='word_1_219' title='bbox 776 3309 996 3404; x_wconf 87' lang='lat' dir='ltr'><strong><em>impediverit</em></strong></span> <span class='ocrx_word' id='word_1_220' title='bbox 1012 3333 1054 3379; x_wconf 92' lang='lat' dir='ltr'><strong><em>ne</em></strong></span> <span class='ocrx_word' id='word_1_221' title='bbox 1069 3309 1280 3402; x_wconf 87' lang='lat' dir='ltr'><strong><em>procedant,</em></strong></span> <span class='ocrx_word' id='word_1_222' title='bbox 1304 3333 1371 3382; x_wconf 89' lang='lat' dir='ltr'><strong><em>nos</em></strong></span> <span class='ocrx_word' id='word_1_223' title='bbox 1389 3333 1433 3380; x_wconf 79' lang='lat' dir='ltr'><strong><em>ea</em></strong></span> <span class='ocrx_word' id='word_1_224' title='bbox 1450 3317 1533 3380; x_wconf 91' lang='lat' dir='ltr'><strong><em>tunc</em></strong></span> 
     </span>
     <span class='ocr_line' id='line_1_31' title="bbox 438 3409 1533 3505; baseline -0.002 -23"><span class='ocrx_word' id='word_1_225' title='bbox 438 3417 608 3505; x_wconf 84' lang='lat' dir='ltr'><strong><em>quantum</em></strong></span> <span class='ocrx_word' id='word_1_226' title='bbox 629 3409 787 3482; x_wconf 83' lang='lat' dir='ltr'><strong><em>adhunc</em></strong></span> <span class='ocrx_word' id='word_1_227' title='bbox 807 3411 994 3481; x_wconf 89' lang='lat' dir='ltr'><strong><em>articulum</em></strong></span> <span class='ocrx_word' id='word_1_228' title='bbox 1021 3434 1091 3480; x_wconf 75' lang='lat' dir='ltr'><strong><em>nem</em></strong></span> <span class='ocrx_word' id='word_1_229' title='bbox 1110 3411 1305 3482; x_wconf 79' lang='lat' dir='ltr'><strong><em>tenebimur</em></strong></span> <span class='ocrx_word' id='word_1_230' title='bbox 1322 3413 1533 3480; x_wconf 88' lang='lat' dir='ltr'><strong><em>iuramento.</em></strong></span> 
     </span>
     <span class='ocr_line' id='line_1_32' title="bbox 439 3511 1535 3604; baseline -0.002 -22"><span class='ocrx_word' id='word_1_231' title='bbox 439 3511 494 3582; x_wconf 79' lang='lat' dir='ltr'><strong><em>At</em></strong></span> <span class='ocrx_word' id='word_1_232' title='bbox 518 3513 617 3582; x_wconf 88' lang='lat' dir='ltr'><strong><em>cuius</em></strong></span> <span class='ocrx_word' id='word_1_233' title='bbox 641 3513 691 3580; x_wconf 90' lang='lat' dir='ltr'><strong><em>rei</em></strong></span> <span class='ocrx_word' id='word_1_234' title='bbox 712 3513 921 3582; x_wconf 90' lang='lat' dir='ltr'><strong><em>memoriam</em></strong></span> <span class='ocrx_word' id='word_1_235' title='bbox 939 3534 1086 3600; x_wconf 90' lang='lat' dir='ltr'><strong><em>presens</em></strong></span> <span class='ocrx_word' id='word_1_236' title='bbox 1104 3513 1273 3604; x_wconf 90' lang='lat' dir='ltr'><strong><em>scriptum</em></strong></span> <span class='ocrx_word' id='word_1_237' title='bbox 1291 3513 1368 3597; x_wconf 79' lang='lat' dir='ltr'><strong><em>fieri</em></strong></span> <span class='ocrx_word' id='word_1_238' title='bbox 1385 3513 1535 3594; x_wconf 82' lang='lat' dir='ltr'><strong><em>fecimus</em></strong></span> 
     </span>
     <span class='ocr_line' id='line_1_33' title="bbox 440 3609 1533 3705; baseline -0.004 -22"><span class='ocrx_word' id='word_1_239' title='bbox 440 3611 563 3705; x_wconf 84' lang='lat' dir='ltr'><strong><em>sipillis</em></strong></span> <span class='ocrx_word' id='word_1_240' title='bbox 595 3615 725 3682; x_wconf 88' lang='lat' dir='ltr'><strong><em>nostris</em></strong></span> <span class='ocrx_word' id='word_1_241' title='bbox 757 3611 1020 3681; x_wconf 88' lang='lat' dir='ltr'><strong><em>cornruunitum.</em></strong></span> <span class='ocrx_word' id='word_1_242' title='bbox 1073 3609 1196 3680; x_wconf 71' lang='lat' dir='ltr'><strong><em>fletum</em></strong></span> <span class='ocrx_word' id='word_1_243' title='bbox 1230 3611 1329 3704; x_wconf 89' lang='lat' dir='ltr'><strong><em>apud</em></strong></span> <span class='ocrx_word' id='word_1_244' title='bbox 1359 3609 1533 3683; x_wconf 87' lang='lat' dir='ltr'><strong><em>Sanctum</em></strong></span> 
     </span>
     <span class='ocr_line' id='line_1_34' title="bbox 442 3710 1534 3803; baseline -0.003 -19"><span class='ocrx_word' id='word_1_245' title='bbox 442 3713 658 3784; x_wconf 83' lang='lat' dir='ltr'><strong><em>Germanum</em></strong></span> <span class='ocrx_word' id='word_1_246' title='bbox 675 3735 770 3782; x_wconf 91' lang='lat' dir='ltr'><strong><em>anno</em></strong></span> <span class='ocrx_word' id='word_1_247' title='bbox 790 3713 895 3784; x_wconf 78' lang='lat'>1230.</span> <span class='ocrx_word' id='word_1_248' title='bbox 911 3734 1028 3780; x_wconf 88' lang='lat' dir='ltr'><strong><em>mense</em></strong></span> <span class='ocrx_word' id='word_1_249' title='bbox 1042 3710 1142 3803; x_wconf 80' lang='lat' dir='ltr'><strong><em>lulio,</em></strong></span> <span class='ocrx_word' id='word_1_250' title='bbox 1159 3713 1216 3784; x_wconf 78' lang='lat'><strong><em>23.</em></strong></span> <span class='ocrx_word' id='word_1_251' title='bbox 1232 3711 1287 3782; x_wconf 85' lang='lat' dir='ltr'><strong><em>die</em></strong></span> <span class='ocrx_word' id='word_1_252' title='bbox 1301 3713 1431 3783; x_wconf 75' lang='lat' dir='ltr'><strong><em>ricensis</em></strong></span> <span class='ocrx_word' id='word_1_253' title='bbox 1445 3712 1534 3782; x_wconf 88' lang='lat' dir='ltr'><strong><em>eius·</em></strong></span> 
     </span>
     <span class='ocr_line' id='line_1_35' title="bbox 442 3812 792 3903; baseline -0.014 -18"><span class='ocrx_word' id='word_1_254' title='bbox 442 3812 533 3903; x_wconf 81' lang='lat' dir='ltr'><strong><em>dem,</em></strong></span> <span class='ocrx_word' id='word_1_255' title='bbox 552 3812 741 3884; x_wconf 85' lang='lat' dir='ltr'><strong><em>indictione</em></strong></span> <span class='ocrx_word' id='word_1_256' title='bbox 761 3815 792 3884; x_wconf 90' lang='lat'><strong><em>3.</em></strong></span> 
     </span>
    </p>

    <p class='ocr_par' dir='ltr' id='par_1_5' title="bbox 380 3909 1540 4310">
     <span class='ocr_line' id='line_1_36' title="bbox 380 3909 1537 4008; baseline 0.001 -30"><span class='ocrx_word' id='word_1_257' title='bbox 380 3925 430 3979; x_wconf 80' lang='lat' dir='ltr'><strong><em>tut.</em></strong></span> <span class='ocrx_word' id='word_1_258' title='bbox 516 3913 632 4008; x_wconf 82' lang='lat' dir='ltr'><strong><em>Igitur</em></strong></span> <span class='ocrx_word' id='word_1_259' title='bbox 658 3913 790 3982; x_wconf 85' lang='lat' dir='ltr'><strong><em>eodem</em></strong></span> <span class='ocrx_word' id='word_1_260' title='bbox 817 3910 874 3982; x_wconf 81' lang='lat' dir='ltr'><strong><em>aie</em></strong></span> <span class='ocrx_word' id='word_1_261' title='bbox 904 3911 1057 4008; x_wconf 85' lang='lat' dir='ltr'><strong><em>predicti</em></strong></span> <span class='ocrx_word' id='word_1_262' title='bbox 1078 3910 1287 3983; x_wconf 82' lang='lat' dir='ltr'><strong><em>cardinales</em></strong></span> <span class='ocrx_word' id='word_1_263' title='bbox 1308 3909 1537 3982; x_wconf 84' lang='lat' dir='ltr'><strong><em>vicedomni</em></strong></span> 
     </span>
     <span class='ocr_line' id='line_1_37' title="bbox 442 4009 1539 4110; baseline -0.003 -27"><span class='ocrx_word' id='word_1_264' title='bbox 442 4038 540 4110; x_wconf 85' lang='lat' dir='ltr'><strong><em>pape</em></strong></span> <span class='ocrx_word' id='word_1_265' title='bbox 560 4015 743 4084; x_wconf 85' lang='lat' dir='ltr'><strong><em>dederunt</em></strong></span> <span class='ocrx_word' id='word_1_266' title='bbox 762 4015 898 4084; x_wconf 87' lang='lat' dir='ltr'><strong><em>domno</em></strong></span> <span class='ocrx_word' id='word_1_267' title='bbox 918 4012 1134 4110; x_wconf 84' lang='lat' dir='ltr'><strong><em>imperatori</em></strong></span> <span class='ocrx_word' id='word_1_268' title='bbox 1161 4015 1229 4084; x_wconf 89' lang='lat' dir='ltr'><strong><em>sub</em></strong></span> <span class='ocrx_word' id='word_1_269' title='bbox 1249 4013 1371 4083; x_wconf 85' lang='lat' dir='ltr'><strong><em>debito</em></strong></span> <span class='ocrx_word' id='word_1_270' title='bbox 1392 4009 1539 4108; x_wconf 82' lang='lat' dir='ltr'><strong><em>prestiti</em></strong></span> 
     </span>
     <span class='ocr_line' id='line_1_38' title="bbox 441 4110 1539 4209; baseline -0.003 -25"><span class='ocrx_word' id='word_1_271' title='bbox 441 4113 639 4184; x_wconf 81' lang='lat' dir='ltr'><strong><em>iuramenti</em></strong></span> <span class='ocrx_word' id='word_1_272' title='bbox 660 4111 816 4186; x_wconf 85' lang='lat' dir='ltr'><strong><em>firmiter</em></strong></span> <span class='ocrx_word' id='word_1_273' title='bbox 834 4113 870 4184; x_wconf 87' lang='lat' dir='ltr'><strong><em>in</em></strong></span> <span class='ocrx_word' id='word_1_274' title='bbox 892 4113 1089 4206; x_wconf 75' lang='lat' dir='ltr'><strong><em>incedatis,</em></strong></span> <span class='ocrx_word' id='word_1_275' title='bbox 1117 4123 1156 4184; x_wconf 88' lang='lat' dir='ltr'><strong><em>ut</em></strong></span> <span class='ocrx_word' id='word_1_276' title='bbox 1175 4112 1347 4184; x_wconf 83' lang='lat' dir='ltr'><strong><em>restituat</em></strong></span> <span class='ocrx_word' id='word_1_277' title='bbox 1365 4110 1539 4209; x_wconf 88' lang='lat' dir='ltr'><strong><em>quicquid</em></strong></span> 
     </span>
     <span class='ocr_line' id='line_1_39' title="bbox 444 4211 1540 4310; baseline 0.001 -28"><span class='ocrx_word' id='word_1_278' title='bbox 444 4224 667 4309; x_wconf 85' lang='lat' dir='ltr'><strong><em>occupatum</em></strong></span> <span class='ocrx_word' id='word_1_279' title='bbox 688 4225 745 4286; x_wconf 83' lang='lat' dir='ltr'><strong><em>est</em></strong></span> <span class='ocrx_word' id='word_1_280' title='bbox 766 4213 974 4310; x_wconf 88' lang='lat' dir='ltr'><strong><em>peripsum</em></strong></span> <span class='ocrx_word' id='word_1_281' title='bbox 995 4213 1054 4285; x_wconf 89' lang='lat' dir='ltr'><strong><em>vel</em></strong></span> <span class='ocrx_word' id='word_1_282' title='bbox 1075 4213 1167 4286; x_wconf 78' lang='lat' dir='ltr'><strong><em>elios</em></strong></span> <span class='ocrx_word' id='word_1_283' title='bbox 1188 4213 1378 4306; x_wconf 82' lang='lat' dir='ltr'><strong><em>mipistros</em></strong></span> <span class='ocrx_word' id='word_1_284' title='bbox 1399 4237 1488 4286; x_wconf 86' lang='lat' dir='ltr'><strong><em>suos</em></strong></span> <span class='ocrx_word' id='word_1_285' title='bbox 1503 4211 1540 4284; x_wconf 89' lang='lat' dir='ltr'><strong><em>in</em></strong></span> 
     </span>
    </p>
   </div>
   <div class='ocr_carea' id='block_1_4' title="bbox 0 0 1704 5026">
    <p class='ocr_par' dir='ltr' id='par_1_6' title="bbox 0 0 1704 5026">
     <span class='ocr_line' id='line_1_40' title="bbox 0 0 1704 5026; baseline 0 0"><span class='ocrx_word' id='word_1_286' title='bbox 0 0 1704 5026; x_wconf 95' lang='lat' dir='ltr'><strong><em> </em></strong></span> 
     </span>
    </p>
   </div>
  </div>
 </body>
</html>
