3326 5022
559 399 598 470 Α.
631 400 736 474 1226.
769 399 874 474 1227.
1214 403 1261 478 63

169 620 352 694 campane
369 597 534 669 sonitum
550 598 652 669 nulla
668 621 797 670 earum
813 608 943 695 aperta
958 599 1082 670 valeat
1094 600 1262 672 inveniri.

168 699 213 770 Et
242 697 454 795 superbiis
481 697 711 793 inquirendis
741 708 884 769 certum
914 697 1043 771 statuit
1062 723 1260 774 numerum

167 797 393 891 iuratorum,
426 797 488 893 qui
523 821 643 895 penas
675 808 835 870 statutas
868 823 888 870 a
916 801 1260 896 transgressoribus

167 897 349 993 recipiant
376 921 441 994 pro
470 897 617 970 diversa
646 899 842 972 criminum
868 899 1056 995 qualitate.
1101 899 1261 986 Quodsi

167 997 300 1092 aliquis
326 997 530 1069 iuratorum
551 998 587 1070 in
607 999 691 1071 dolo
711 1023 779 1072 scu
800 1001 930 1073 fraude
949 1000 1010 1072 vel
1028 1000 1259 1096 negligentia

166 1097 277 1169 fuerit
303 1099 578 1195 deprehensus,
604 1123 742 1198 penam
768 1099 926 1198 recipiat
950 1125 1061 1197 quam
1088 1100 1258 1198 recipere

164 1197 346 1270 deberent
360 1199 528 1296 predicti,
548 1201 653 1273 salvo
673 1200 709 1271 in
729 1201 902 1273 omnibus
919 1203 1096 1274 mandato
1112 1211 1148 1273 et
1163 1201 1258 1273 ordi-

165 1297 315 1369 natione
334 1298 529 1396 imperiali.

238 1398 1256 1498 ldemmagisteriustitiariusperapertaslitterassuas

163 1499 353 1572 concessit
372 1500 468 1570 dicto
487 1499 611 1572 abbati
629 1499 835 1596 Stephana
862 1509 901 1571 ut
920 1499 988 1573 sibi
1006 1499 1136 1573 liceret
1154 1499 1254 1572 iuxta

161 1602 358 1673 recordum
379 1603 560 1672 bonorum
581 1598 773 1672 hominum
793 1600 920 1673 Sancti
940 1600 1117 1672 Germani
1139 1624 1254 1697 gene·

160 1700 260 1772 rales
279 1699 465 1774 nundinas
486 1724 721 1796 perannum,
741 1723 813 1797 quo
827 1710 999 1798 tempore
1014 1701 1141 1795 vellet,
1160 1701 1253 1774 ordi·

158 1823 250 1871 nare
270 1801 306 1871 in
325 1801 406 1898 ipsa
426 1811 526 1873 terra
545 1800 673 1873 Sancti
692 1801 880 1874 Germani.

234 1903 372 1975 Comes
392 1900 627 1995 Raynaldus⁸
645 1899 743 1972 filius
764 1901 963 1996 Raynaldi·
989 1903 1036 1976 de
1054 1901 1189 1974 Bareto
1210 1925 1251 1974 se

157 2011 284 2072 contra
305 2001 573 2098 imperatorem
592 2003 629 2072 in
648 2001 844 2074 lntroduco
862 2001 1011 2098 recipit3
1034 2025 1147 2098 quem
1163 2001 1250 2073 Ber·

156 2101 279 2174 toldus
294 2102 410 2174 frater
424 2101 624 2195 Raynaldi·
642 2100 727 2172 dicti
742 2101 845 2174 ducis
861 2101 1003 2198 Spoleti
1019 2111 1249 2198 congregato

104 2203 109 2214 '
156 2200 339 2297 imperiali
360 2202 525 2272 exercitu
545 2200 692 2274 obsidet
711 2212 748 2273 et
767 2212 967 2298 expugnat.

231 2302 310 2372 Hoc
329 2325 427 2372 anuo
446 2301 551 2374 lacus
571 2299 723 2394 Mansio,
742 2301 803 2397 qui
822 2301 1001 2373 Fucinum
1021 2300 1166 2396 dicitur,
1190 2326 1249 2372 us-

155 2424 228 2496 que
257 2403 350 2473 adeo
380 2400 541 2498 obriguit
566 2411 603 2473 et
631 2401 855 2497 congelavit,
883 2403 980 2499 quod
1009 2401 1181 2476 homines
1210 2403 1246 2472 in

154 2523 199 2571 eo
228 2503 392 2599 desuper
418 2503 668 2598 ambulantes,
693 2505 808 2575 boves
836 2503 1035 2577 trahebant
1062 2526 1146 2577 oum
1174 2511 1247 2573 tra·

153 2600 258 2674 bibus
279 2614 316 2674 et
335 2602 417 2676 aliis
435 2603 702 2700 lignaminibus
722 2602 949 2678 necessariis
969 2604 1015 2676 ad
1035 2602 1245 2699 coquinam.

636 2755 760 2844 1227.

223 2891 355 2968 Mense
380 2891 539 2968 Ianuarii
564 2891 724 2966 carestia
752 2889 929 2977 frumenti
956 2900 1058 2963 tanta
1085 2889 1123 2960 in
1152 2893 1242 2963 urbe

147 2990 267 3066 Roma
288 2994 385 3068 facta
406 3004 478 3086 est,
505 3003 544 3066 ut
563 2990 726 3066 rublus²⁹
746 2991 855 3064 tritici
874 3016 940 3090 pro
959 2991 1090 3088 viginti
1111 2990 1240 3064 solidis

146 3095 384 3168 denariorum
405 3105 561 3168 senatus
581 3093 709 3168 haberi
729 3091 788 3164 vix
808 3103 950 3190 posset.

220 3195 406 3268 Honorius
435 3220 533 3294 papa
557 3219 647 3266 suos
666 3196 711 3265 ad
730 3194 997 3291 imperatorem
1018 3193 1054 3264 iu
1073 3191 1238 3265 Siciliam

145 3295 296 3368 nuutios
316 3297 440 3392 mittit,
458 3307 499 3368 ut
518 3295 586 3368 sibi
606 3305 644 3368 et
661 3295 830 3365 Romane
849 3293 952 3366 curie
971 3294 1007 3366 in
1028 3289 1240 3364 victualio³⁰

144 3397 379 3490 subvenirem
407 3396 469 3492 qui
496 3420 564 3492 per
582 3393 786 3466 Henricum
805 3395 851 3468 de
869 3393 992 3464 Murra
1013 3392 1235 3488 magistrum

143 3491 378 3568 iustitiarium
398 3497 469 3567 hoo
488 3495 567 3566 lieri
589 3496 750 3566 mandat.

218 3593 348 3666 Mense
374 3596 492 3666 Martii
518 3595 637 3668 dictus
657 3592 843 3666 Honorius
863 3616 961 3689 papa
979 3591 1068 3663 obiit
1088 3596 1143 3666 15.
1164 3591 1234 3662 Ka·

141 3690 273 3766 lendas
291 3693 441 3790 Aprilis,
468 3706 506 3767 et
523 3694 730 3790 Hugolinus
756 3693 944 3768 Ostiensis
970 3691 1233 3790 episcopusin

141 3816 279 3890 papam
305 3794 528 3890 Gregorium
555 3795 776 3868 substitutus
803 3803 862 3868 est
885 3793 951 3887 illi3
978 3793 1040 3890 qui
1065 3815 1133 3890 per
1157 3792 1234 3863 uni-

139 3917 293 3966 versum
313 3899 442 3968 orbern
462 3899 508 3968 de
528 3920 594 3968 sua
614 3893 849 3992 promotione
870 3905 906 3966 et
920 3895 1018 3968 obitu
1035 3894 1230 3990 predeces-

139 3995 235 4067 soris
255 3995 311 4068 sui
332 3996 442 4070 mittit
459 3997 603 4069 litteras
622 3997 834 4093 generales.

137 4129 162 4199 a)
180 4129 247 4202 Ray.
268 4149 290 4186 c.

137 4221 187 4301 29)
211 4222 310 4283 hodie
331 4224 450 4302 rubbio,
475 4225 609 4290 modius.
694 4225 744 4305 30)
770 4243 819 4284 res
843 4225 1056 4291 frumentaria.
