3326 5022
309 1175 311 1178 y
428 1089 588 1162 obsideri
609 1113 629 1160 a
649 1089 793 1161 Thoma
807 1090 1031 1160 Acerrarum
1052 1089 1188 1160 comite
1208 1099 1245 1160 et
1263 1089 1334 1162 hiis
1355 1090 1416 1186 qui
1436 1115 1522 1163 cum

293 2003 294 2006 ’
424 2003 604 2084 nocturno
624 2003 796 2091 tempore
815 2017 963 2064 roccam
980 1991 1109 2064 exiens
1125 1991 1341 2088 Magenulfi,
1361 1997 1429 2066 sub
1444 1991 1517 2065 fido

263 3656 276 3680 a
415 3603 728 3700 supeerelanum
756 3603 872 3698 vadit,
900 3604 1020 3676 dictus
1044 3613 1172 3675 tamen
1198 3603 1509 3700 archiepiscopus

431 385 481 464 au
633 351 916 460 nicolanus
942 385 1004 458 uu
1031 384 1068 456 s.
1097 385 1328 458 urrunnu

431 589 530 686 apud
556 589 744 658 Veronam
771 608 855 657 cum
882 584 964 657 aliis
987 585 1087 657 orbis
1106 583 1335 682 principibus
1356 611 1422 684 pru
1443 612 1525 660 suc-

432 711 542 760 cursu
557 697 657 758 terre
673 696 803 758 sancte
818 685 959 758 curiam
974 709 1108 782 regere
1122 687 1360 781 generalem:
1381 699 1418 759 et
1437 699 1524 761 tuuc

430 791 515 860 data
533 786 620 883 fide,
640 783 737 884 quod
756 786 792 858 in
813 797 916 858 certo
935 785 1096 858 termino
1110 796 1303 883 tamquam
1319 786 1524 885 imperator

428 889 466 961 in
493 898 593 960 terre
621 899 751 960 sancte
779 887 985 960 subsidium
1005 887 1279 982 transfretaret,
1306 887 1341 959 in
1362 913 1522 986 regnum

428 988 592 1083 rediens,
615 1011 765 1060 roccam
785 987 872 1060 adiit
890 985 1105 1084 Magenulfi,
1124 1011 1236 1084 quam
1256 988 1365 1062 iussit
1384 991 1521 1063 arctius

429 1215 473 1263 eo
501 1199 625 1284 erant,
654 1199 692 1260 et
716 1189 798 1286 ipse
825 1189 986 1261 festinus
1013 1187 1050 1260 in
1076 1185 1240 1261 Siciliam
1266 1213 1442 1265 reversus
1463 1202 1522 1264 est

427 1301 580 1389 propter
598 1291 845 1384 Myrahettum
866 1289 1161 1362 Sarracenorum
1181 1291 1329 1386 ducem,
1352 1291 1415 1388 qui
1434 1316 1520 1364 eam

425 1416 493 1488 pro
513 1390 656 1463 viribus¹
671 1389 882 1464 infestabat.

441 1518 443 1523 ·
500 1490 687 1563 Honorius
715 1515 812 1589 papa
837 1491 996 1562 Romam
1024 1490 1241 1584 revertitur,
1276 1515 1387 1587 quam
1418 1502 1518 1589 post·

426 1594 579 1664 modum
600 1591 729 1664 exiens
748 1591 850 1664 venit
868 1592 1045 1662 Alatrum.

499 1693 656 1764 Romani
677 1715 791 1787 super
808 1691 1012 1764 Viterbium
1034 1693 1182 1763 vadunt.

499 1793 719 1889 Imperatrix
738 1792 774 1862 in
795 1791 918 1864 Sicilia
938 1791 1046 1864 obiit.-

381 1958 386 1972 .
498 1895 635 1967 Comes
663 1893 828 1965 Thomas
855 1891 901 1964 de
925 1892 1076 1986 Celano,
1104 1890 1191 1962 licet
1218 1890 1310 1963 satis
1339 1903 1517 1986 arctatus,

422 2094 556 2165 ducatu
577 2094 808 2166 iterfaciens
829 2117 895 2192 per
913 2103 1090 2164 montana
1111 2095 1155 2162 ad
1177 2102 1341 2164 castrum
1367 2118 1409 2165 se
1429 2118 1515 2164 con-

423 2193 539 2290 tutin,
567 2197 665 2292 quod
692 2195 922 2290 rayneriusr
950 2198 995 2267 de
1014 2195 1156 2266 Aversa
1178 2193 1342 2264 sororius
1362 2193 1441 2266 eius
1460 2204 1515 2266 te-

422 2299 552 2390 nebat,
579 2320 694 2394 aquo
723 2295 888 2393 acceptis
917 2294 1023 2392 equis
1053 2303 1089 2382 et
1115 2293 1226 2366 sociis
1247 2293 1389 2390 paucis,
1416 2294 1516 2366 clau·

422 2395 504 2466 culo
524 2396 637 2467 intrat
656 2396 870 2491 Obiuulum,
898 2405 935 2466 et
956 2395 1089 2466 deiude
1109 2419 1193 2466 cum
1215 2394 1293 2466 suis
1314 2417 1429 2492 super
1447 2395 1515 2467 Ce-

421 2495 548 2566 lanum
576 2496 752 2591 veniens,
769 2521 847 2594 spe
874 2498 1005 2567 ductus
1035 2519 1166 2566 eorum
1192 2499 1239 2568 de
1267 2495 1435 2590 Celano,
1453 2497 1512 2592 qui

420 2595 649 2669 assistebant
674 2597 795 2669 eidem
822 2607 858 2669 et
884 2606 1067 2668 noverant
1085 2595 1182 2668 illius
1203 2599 1419 2692 adventum,
1446 2595 1513 2668 im·

420 2695 596 2794 periales,
615 2697 676 2795 qui
697 2709 804 2770 erant
821 2698 921 2770 intus
936 2698 1116 2771 Celanum
1138 2707 1174 2768 et
1192 2697 1323 2768 turrim
1341 2722 1409 2795 pro
1428 2697 1512 2768 viri·

420 2801 488 2870 bus
515 2797 804 2895 impugnabant,
832 2798 991 2871 diluculo
1019 2821 1227 2894 aggressus
1255 2808 1331 2892 est,
1369 2821 1512 2894 eosque

418 2897 455 2969 in
484 2898 613 2994 fugam
640 2898 768 2994 vertit,
804 2899 1065 2995 multos'cepit
1093 2907 1130 2969 et
1157 2897 1369 2970 carceribus
1398 2901 1512 2994 depu-

377 3081 378 3084 ,
417 2997 543 3092 tavit3·
564 3007 602 3070 et
631 3009 720 3070 tunc
750 3009 866 3070 totam
894 2999 1070 3072 Marsiam
1104 2999 1264 3094 equitat,
1300 3001 1512 3096 prelatura,

418 3099 619 3170 Paternum
649 3099 843 3195 comburit,
871 3110 907 3172 et
926 3123 999 3196 que
1027 3110 1152 3198 potest
1175 3099 1213 3170 in
1233 3099 1372 3173 Celanc
1397 3099 1511 3171 victui

417 3201 635 3272 necessaria
661 3211 877 3298 congregat.
930 3200 1187 3296 Quocognito
1215 3199 1334 3272 dictus
1354 3200 1511 3290 Acerra-

416 3324 499 3372 rum
520 3323 650 3373 comes
670 3301 799 3400 paucis
825 3301 863 3373 iu
890 3301 1082 3374 obsidione
1108 3321 1220 3372 rocca
1238 3299 1425 3374 Maienulh'
1453 3323 1511 3372 re-

415 3400 525 3496 lictis,
554 3425 735 3475 unacum
762 3403 955 3500 Stephano
976 3401 1171 3476 Casinensi
1199 3403 1332 3474 abbate
1359 3411 1396 3473 et
1415 3399 1510 3494 Ray·

326 3515 328 3522 “
415 3502 524 3572 nalrlo
541 3503 716 3599 Capuano
733 3503 1017 3600 archiepiscopo
1038 3512 1165 3574 contra
1185 3501 1310 3600 ipsum
1331 3501 1508 3574 comitem

414 3703 533 3776 subita
571 3703 783 3776 infirmitate
820 3715 1014 3802 correptus
1051 3704 1086 3775 in
1131 3703 1189 3775 via
1227 3714 1397 3776 mortuus
1438 3713 1508 3778 est.

412 3805 541 3878 Dictus
568 3827 697 3900 comes
724 3803 855 3876 Molisii
875 3809 920 3878 ab
939 3807 1163 3878 Acerrarum
1184 3804 1321 3876 comite
1340 3814 1507 3876 arctatus

412 3917 482 3998 est,
511 3915 547 3977 et
566 3904 746 3978 Celanum
769 3914 871 3976 extra
892 3908 1104 3979 obsessum.

486 4007 694 4104 huperator
719 4005 754 4076 in
780 4005 902 4079 Sicilia
928 4010 974 4080 de
1003 4008 1196 4080 Mirabetto
1223 4005 1440 4103 triumphat,
1470 4017 1509 4076 et

411 4166 435 4222 a]
457 4161 583 4227 Caspium
604 4162 747 4235 turrinis.
769 4161 794 4211 3.
859 4162 884 4229 b)
906 4167 942 4213 ilo
961 4163 988 4214 2.
1009 4163 1039 4221 3;
1060 4160 1118 4230 Ray
1139 4159 1273 4228 callam
1298 4159 1320 4212 l.
1384 4161 1406 4227 cl
1428 4157 1509 4212 Ciri-

410 4243 463 4284 tam
483 4236 582 4285 odorent
604 4234 627 4287 l.
648 4235 675 4285 2,
