3352 5026
455 395 525 467 146
651 389 936 466 RYCCARDUS
961 391 1023 464 DE
1049 390 1087 464 S.
1114 389 1346 463 GERMANO

450 593 565 665 salvis
595 591 769 689 personis
801 601 839 663 et
869 594 983 663 rebus
1018 591 1214 662 hominum
1250 591 1410 662 civitatis
1447 591 1546 662 eius-

449 695 550 788 dem,
570 693 607 764 in
627 717 701 790 qua
718 702 853 790 postea
870 692 1077 789 imperator
1093 693 1176 789 ipse
1194 689 1276 764 fieri
1294 691 1545 762 munitionem

450 795 612 866 mandat

523 893 657 966 Mense
680 893 793 966 Madii
819 893 856 964 in
883 892 979 964 festo
1007 892 1234 963 inventionis
1262 902 1394 964 sancte
1420 893 1544 964 crucis

448 994 560 1090 galee
583 994 800 1092 imperiales
821 1017 907 1064 cum
926 993 1047 1090 galeis
1067 992 1308 1064 lanuensium
1326 991 1545 1064 conflictum

447 1095 647 1190 habentes,
673 1094 873 1165 nonnullos
895 1094 1061 1190 prelatos
1080 1093 1334 1166 occidentales
1354 1093 1545 1190 quierant

447 1194 483 1265 in
510 1194 579 1290 cis,
607 1195 732 1267 habita
757 1193 911 1266 victoria
929 1197 976 1266 de
994 1194 1255 1288 lanuensibus,
1281 1205 1475 1291 ceperunt„
1505 1205 1544 1266 et

446 1297 632 1367 duxerunt
656 1297 754 1393 apud
778 1295 885 1367 Pisas
913 1295 1081 1392 captivos
1109 1319 1196 1365 cum
1221 1297 1365 1367 duobus
1390 1295 1542 1391 legatis,

446 1393 668 1468 Prenestino
683 1396 828 1469 scilicet
840 1395 1019 1492 episcopo
1035 1406 1074 1466 et
1087 1396 1242 1468 Oddonc
1257 1395 1384 1468 Sancti
1398 1395 1541 1467 Nicolai

446 1495 483 1567 in
510 1498 671 1570 Carcere
698 1496 867 1568 Tulliano
894 1496 1052 1567 diacono
1078 1496 1272 1590 cardinali,
1305 1498 1352 1567 de
1379 1519 1539 1592 quorum

446 1599 622 1669 mandato
647 1597 849 1669 veniebant
873 1598 918 1669 ad
944 1620 1094 1695 papam.
1146 1597 1247 1668 Inter
1273 1619 1370 1692 quos
1390 1597 1541 1668 fuerunt

445 1696 708 1770 Cisterciensis
728 1709 765 1769 et
783 1697 1073 1770 Clarevallensis
1092 1701 1260 1790 abbates,
1285 1720 1449 1768 necnon
1468 1697 1539 1768 tto-

444 1797 707 1893 thomagensis
739 1798 1067 1895 archiepiscopus7
1108 1807 1145 1868 et
1174 1798 1236 1869 alii
1268 1822 1362 1893 quos
1394 1797 1537 1893 ignoro.

444 1896 500 1969 De
526 1897 647 1994 galeis
676 1921 825 1994 quoque
852 1898 1094 1969 lanuensium
1119 1908 1229 1994 capte
1255 1908 1343 1970 sunt
1361 1898 1455 1970 ultra
1476 1902 1538 1991 20,

445 2007 483 2068 et
498 1997 674 2069 'nonnulli
700 1997 941 2069 lanuensium
961 1999 998 2068 in
1018 1998 1087 2092 eis,
1114 2008 1152 2069 et
1170 2023 1283 2095 quam
1302 2001 1431 2095 plures
1451 2009 1538 2071 sunt

444 2108 580 2195 sponte
590 2102 637 2171 ob
649 2109 773 2170 metus
785 2100 986 2170 causamin
995 2099 1090 2170 mari
1105 2099 1309 2194 submersi3
1325 2099 1385 2196 qui
1401 2123 1535 2171 omnes

444 2209 590 2296 postea,
608 2199 837 2296 imperatore.
857 2203 1072 2294 mandante,
1090 2209 1167 2270 tam
1184 2200 1317 2296 prelati
1332 2224 1446 2296 quam
1462 2200 1536 2294 atii,

444 2321 529 2371 cum
555 2299 691 2396 legatis
716 2299 810 2397 ipsis
840 2300 878 2370 in
910 2323 1070 2396 regnum
1102 2301 1199 2396 apud
1229 2300 1436 2397 Neapolym
1468 2325 1537 2398 per

443 2400 605 2471 marein
625 2400 837 2498 captionem
857 2401 956 2471 ducti
982 2411 1082 2494 sunt,
1110 2400 1209 2472 etin
1235 2401 1441 2473 custodiam
1467 2425 1535 2499 per
1652 2447 1653 2460 κ

441 2499 549 2597 regni
577 2501 733 2573 castella
758 2501 984 2572 transmissi.
1037 2501 1172 2573 Milites
1204 2511 1243 2574 et
1269 2501 1415 2600 pedites
1443 2526 1534 2574 non·

441 2599 532 2672 nulli
563 2602 660 2698 apud
685 2601 874 2698 Aquinum
906 2612 944 2673 et
970 2604 1068 2698 apud
1095 2602 1276 2674 Sanctum
1301 2603 1532 2676 Germanum

441 2702 670 2774 conveniunt
688 2705 733 2775 ad
752 2703 859 2798 regni
880 2705 1100 2775 custodiam.

418 2811 422 2818 '
514 2802 646 2874 Mense
672 2803 765 2874 Iunii
793 2803 925 2900 prelati
952 2806 999 2874 dc
1025 2826 1144 2900 regno
1170 2803 1293 2876 vocati
1320 2807 1366 2877 ab
1384 2805 1533 2876 Andrea

440 2903 486 2973 de
501 2901 626 2976 Cicala
641 2903 838 3000 capitaneo
854 2914 891 2975 et
906 2904 1087 3000 magistro
1101 2904 1311 2998 iustitiario,
1330 2907 1430 3002 apud
1443 2904 1532 2976 Mel·
1650 2971 1651 2982 t

439 3001 568 3098 phiam
583 3006 628 3074 ad
644 3027 730 3074 eum
746 3006 902 3099 vadunt5
917 3029 938 3076 a
954 3005 1086 3100 quibus
1101 3005 1270 3077 thesauri
1285 3005 1532 3078 ecclesiarum

440 3123 607 3196 suarum,
625 3112 702 3173 tarn
721 3103 757 3174 in
777 3127 882 3199 auro,
900 3115 1071 3201 argento,
1091 3130 1204 3202 quam
1218 3106 1386 3178 vestibus
1401 3106 1532 3178 scricis

440 3210 478 3274 et
501 3201 685 3299 lapidibus
711 3203 906 3302 pretiosis,
941 3205 979 3276 in
1007 3209 1245 3304 commodato
1270 3231 1338 3304 pro
1362 3206 1531 3305 principe

439 3301 650 3400 exiguntur.
1648 3391 1649 3394 Ἴ

512 3403 723 3502 Imperator
752 3405 951 3479 discedens
983 3431 1004 3477 a
1034 3407 1213 3479 Faventia
1244 3407 1348 3479 venit
1374 3408 1530 3500 Fanum,

438 3527 565 3601 quam,
592 3505 857 3604 circumposita
886 3507 1091 3602 obsidione,
1120 3531 1205 3579 cum
1222 3506 1377 3581 flectere
1396 3510 1442 3581 ad
1462 3530 1530 3579 sua

436 3614 524 3676 vota
543 3629 617 3676 nun
638 3617 781 3703 posset,
800 3607 837 3678 in
858 3607 1102 3680 exterioribus
1121 3618 1258 3705 vastat,
1277 3620 1315 3682 et
1330 3609 1529 3682 discedens
1647 3639 1648 3666 ι

436 3703 523 3778 inde
536 3705 638 3778 vadit
647 3707 857 3804 Spoletum,
872 3711 968 3803 quod
979 3708 1164 3806 recipitad
1176 3712 1394 3782 mandatum
1407 3733 1528 3782 suum.

435 3805 571 3922 Ascisii
590 3806 778 3880 civitatem
799 3808 867 3882 sibi
886 3807 1111 3881 renitentem
1131 3809 1303 3882 similiter
1320 3820 1445 3883 vastat
1468 3833 1529 3882 ex-

434 3915 450 3978 t
556 3963 563 3979 .

452 3927 651 4080 θῃιὲεοάθω
672 4031 806 4082 mense
825 4009 925 4082 fama
945 4012 991 4082 de
1010 4010 1175 4084 Tartaris
1195 4014 1240 4084 ad
1259 4010 1529 4108 imperatorem

435 4109 620 4206 pervenit,
648 4112 745 4206 quod
771 4109 846 4181 iam
869 4110 1015 4183 devicto
1035 4135 1127 4208 rege
1145 4111 1310 4208 Ungarie
1334 4121 1466 4184 essent
1490 4111 1529 4182 in

436 4204 575 4282 foribus
593 4207 829 4306 Alamannie,
857 4220 894 4282 et
920 4211 992 4282 hoc
1018 4209 1101 4308 ipse
1120 4236 1186 4284 rex
1203 4211 1368 4308 Ungarie
1388 4207 1529 4308 signifi-
