3326 5022
488 509 492 516 .
526 447 567 518 Α.
599 447 704 522 1225.
737 447 843 522 1226.
892 513 896 518 .
962 521 965 526 ,
1185 451 1244 526 59·

142 647 203 720 3133
222 657 355 718 octavo
374 647 537 718 intrante
556 645 677 718 Martii
697 659 809 719 esse
836 647 1039 744 imperator·
1065 649 1146 744 ipse
1166 649 1237 721 dis-

142 747 258 844 ponit
232 745 669 819 tdebeantconvenire.

216 849 268 918 Eo
283 856 457 959 tempore
470 842 656 918 lohannes
672 845 791 919 dictus
807 870 872 918 rex
887 847 1140 922 lherosolimit
1125 857 1235 924 13333

142 947 286 1019 discors
306 951 351 1018 ab
370 947 597 1043 imperatore
615 946 783 1020 discedit.

218 1047 426 1143 Imperator
443 1049 489 1119 de
508 1047 641 1144 Apulia
662 1047 817 1120 venitin
837 1059 975 1120 terram
996 1047 1171 1145 Lesboum
1198 1059 1237 1120 et

142 1145 271 1218 relicta
291 1158 381 1244 aput
397 1147 595 1222 Salernum
617 1149 651 1220 in
672 1149 826 1222 castello
847 1148 1047 1222 Terracina
1076 1149 1236 1246 impera-

142 1247 233 1318 trice
266 1259 441 1320 consorte
473 1247 598 1342 sua²⁷‚
624 1250 706 1345 ipse
734 1249 769 1319 in
797 1249 968 1344 Apuliam
998 1250 1092 1323 redit
1121 1250 1235 1342 ceter,

143 1347 204 1420 ubi
218 1347 422 1420 Henricum
436 1351 482 1420 de
495 1349 616 1419 lldorra
632 1347 854 1443 magistrum
870 1349 1121 1434 iustitiarium„
1137 1351 1235 1446 capi-

141 1449 295 1520 taneum
311 1448 440 1520 statuit
454 1448 559 1544 regni
576 1448 648 1542 sui,
664 1459 700 1520 et
711 1449 792 1544 ipse
803 1448 993 1521 Piscaram
1007 1473 1048 1520 se
1062 1451 1234 1543 contulit5

140 1573 185 1620 33
212 1548 345 1620 exinde
370 1547 407 1619 in
434 1551 568 1621 ducatu
585 1547 729 1646 Spoleti
755 1549 994 1645 perveniens,
1021 1549 1234 1628 homiuibus

140 1653 296 1720 ducatus
324 1649 443 1745 ipsius
471 1673 539 1746 per
564 1673 653 1721 suas
681 1648 838 1745 precipit
860 1649 1016 1743 13113333,
1045 1660 1084 1722 31
1103 1673 1233 1725 secum

139 1748 458 1822 inbombardiam
479 1751 638 1822 debeant
658 1747 862 1846 proficisci5
886 1753 982 1846 quod
1003 1775 1089 1825 cum
1108 1751 1233 1824 lacere

141 1849 211 1946 ipsi
237 1859 470 1942 3333333333,-
487 1859 615 1946 proter
640 1873 739 1948 3333
769 1852 1007 1946 mandarum,
1041 1850 1099 1927 cui
1131 1862 1235 1928 teue-

141 1954 292 2044 1333133,
320 1951 526 2049 imperator
549 1953 595 2022 ad
622 1975 688 2023 eos
716 1951 859 2024 litteras
887 1951 998 2025 iterat
1025 1951 1234 2048 graviorem

141 2075 234 2146 quas
253 2051 305 2122 illi
323 2054 368 2124 de
389 2054 524 2123 ducatu
544 2053 590 2122 ad
610 2075 747 2148 papam
765 2051 969 2125 remittunt.
1021 2051 1123 2138 Quas
1152 2053 1234 2149 ipse

140 2175 239 2247 papa
265 2153 427 2224 moleste
455 2151 602 2246 fereus‚
639 2153 737 2247 quod
771 2151 945 2224 homiues
975 2152 1136 2227 ecclesie
1165 2157 1233 2224 sub

142 2261 244 2346 certa
262 2275 361 2346 pena
381 2255 538 2323 vocabat
557 2271 667 2323 cesar
685 2253 730 2326 ad
751 2251 1040 2346 expeditionem7
1069 2277 1168 2325 suas
1186 2253 1233 2334 ud

141 2374 230 2421 eum
256 2350 398 2422 litteras
418 2349 557 2446 dirigit3
584 2374 676 2447 quas
696 2350 777 2448 3333
796 2351 1002 2446 imperator
1020 2375 1157 2448 graves
1177 2375 1233 2428 re-

141 2460 299 2548 putans,
334 2449 506 2524 rescribit
535 2451 569 2522 ei
600 2453 708 2548 quasi
736 2453 781 2526 de
807 2451 906 2548 pari,
939 2461 976 2524 et
1001 2452 1084 2548 quia
1112 2451 1148 2530 33
1178 2476 1233 2524 33-

141 2551 280 2648 scripto
307 2575 414 2623 suam
442 2551 674 2626 voluntatem
702 2552 793 2624 satis
818 2551 1023 2648 imperator
1040 2553 1155 2625 voluit
1173 2554 1233 2623 de-

142 2643 297 2740 3133333
318 2651 418 2724 duxit
438 2651 520 2744 ipse
538 2676 637 2748 papa
657 2652 727 2724 sibi
745 2652 917 2748 asperius
938 2652 1233 2748 rescribendum,

139 2760 294 2848 propter
320 2753 417 2847 quod
445 2751 650 2848 imperator
673 2762 713 2822 ut
730 2751 848 2848 ipsius
866 2752 1034 2848 placaret
1051 2752 1232 2846 animum,

140 2850 312 2925 rescribit
329 2851 519 2924 humiliter
536 2851 573 2924 in
593 2852 694 2924 omni
714 2851 956 2926 subiectione.

215 2953 318 3024 Tunc
337 2951 485 3025 mittite
505 2952 697 3047 Ravenna,
725 2953 786 3026 ubi
807 2953 947 3049 pascha
967 2952 1115 3026 Domini
1135 2953 1232 3026 cele»

140 3055 239 3142 brat,
273 3052 433 3124 Henrico
460 3052 681 3127 Alamannis
710 3053 790 3149 regi
815 3051 889 3124 filio
914 3078 1004 3148 suo⁷
1032 3064 1072 3126 ut
1099 3053 1166 3126 sibi
1194 3053 1229 3127 iu

138 3151 400 3228 Lombardiam
415 3164 597 3226 occurrat.
628 3153 770 3226 Deinde
786 3179 807 3226 a
824 3155 1003 3226 Ravenna
1019 3155 1230 3249 discedens,

138 3263 241 3324 extra
261 3254 288 3324 F
291 3255 491 3326 arentiam
486 3279 584 3350 que
605 3254 673 3326 sibi
693 3257 850 3326 adversa
871 3265 965 3348 erat
983 3254 1054 3326 iter
1073 3255 1231 3348 habeus,
1356 3307 1359 3314 ,

139 3363 229 3448 aput
244 3364 409 3426 castrum
424 3323 551 3428 Saricti
566 3353 766 3426 Iohannis
757 3378 793 3426 33
809 3309 1230 3426 territorioBononiensi

138 3452 265 3562 posuit
293 3464 419 3526 castra
451 3477 540 3548 sua⁷
574 3453 699 3551 ipsum
727 3463 832 3548 parte
862 3453 918 3524 sui
947 3453 1134 3525 exercitus
1163 3477 1231 3550 per

141 3549 329 3622 civitatem
340 3553 507 3625 Bononie
522 3564 716 3650 preeunte.
743 3552 883 3626 Exinde
898 3576 987 3625 vero
1001 3577 1043 3625 33
1054 3553 1228 3626 Ymolam

137 3649 307 3745 contuliu
335 3651 395 3724 ubi
418 3654 560 3726 tamdiu
578 3677 724 3732 moram
744 3653 844 3748 fecit
872 3657 991 3726 donec
1011 3653 1106 3728 sicut
1126 3653 1227 3751 prius

138 3749 261 3822 fuerat
280 3773 364 3822 eam
384 3751 471 3824 lecit
489 3753 691 3848 aggeribus
712 3753 945 3866 communiri
966 3763 1003 3826 et
1017 3756 1227 3852 procedens

136 3850 228 3922 iude
244 3873 376 3924 versus
397 3851 568 3926 Parmam
588 3851 738 3949 dirigit
728 3865 800 3927 iter
817 3877 938 3927 suum

133 4035 161 4136 a)
179 4053 305 4106 praeesse
326 4036 349 4088 1.
437 4109 441 4114 ¹
502 4116 506 4126 .

134 4180 186 4261 stt
218 4179 257 4242 cl'
287 4179 403 4246 Gbrun.
433 4178 618 4244 Veronense
647 4183 791 4265 bouquet
814 4183 881 4258 XV,
911 4185 969 4250 311
996 4180 1226 4248 unicordem

136 4261 611 4344 Μ31333333Μ3331.1Χ,959.
924 4356 973 4426 5·
