3326 5022
516 427 557 498 A.
588 425 847 502 1223-1225.
1185 426 1234 500 55

197 624 422 723 ¹Imperator
447 625 529 722 ipse
558 646 625 720 pro
653 621 884 696 libertatibus
917 622 1162 696 ecclesiarum
1196 637 1233 697 et

139 724 374 820 clericorum,
388 723 583 798 iustitiarin
598 734 698 798 terre
711 723 867 798 Laboris
883 747 972 798 suas
992 723 1134 797 litteras
1150 724 1232 798 mit·

138 825 194 919 tit,
221 825 259 896 in
279 825 412 922 quibus
432 827 597 920 mandat,
625 836 664 896 nt
683 823 866 900 ecclesias
885 847 1034 920 omnes,
1061 823 1232 919 clericos,

137 924 384 1019 obedientias,
410 925 692 1023 possessiones,
720 935 757 1000 et
774 924 949 1000 homines
969 948 1118 1021 eorum,
1145 948 1231 1000 con·

138 1036 195 1100 tra
213 1025 419 1121 libertates,
446 1051 539 1124 quas
563 1029 772 1106 habuerant
789 1026 1022 1124 temporibus
1041 1049 1175 1124 regum
1195 1025 1231 1098 in

138 1125 304 1200 collectis
332 1137 370 1202 et
395 1127 538 1224 talleis,
564 1127 683 1204 datis·
709 1139 747 1200 et
774 1127 855 1201 aliis
883 1127 1040 1225 publicis
1068 1126 1231 1202 servitiis

137 1225 353 1302 ammisceri
380 1251 466 1300 cum
491 1229 573 1304 aliis
602 1253 675 1304 nnn
704 1228 934 1325 permittant,
962 1238 1001 1300 et
1024 1228 1116 1302 nihil
1144 1251 1229 1300 curn

136 1326 253 1421 laycis
280 1327 504 1425 participent
533 1330 570 1402 in
599 1331 763 1425 eisdem,
796 1328 867 1404 nisi
900 1331 1096 1425 probetur,
1132 1331 1230 1426 qnod

135 1439 307 1525 tempore
332 1427 434 1526 regis
461 1428 647 1504 Guilielmi
674 1429 829 1502 secundi
855 1452 941 1502 cum
966 1428 1022 1502 eis
1046 1427 1084 1500 in
1103 1428 1230 1503 huius-

137 1527 236 1602 modi
255 1528 418 1604 servitiis
439 1529 695 1603 contulissent.

209 1629 341 1704 Mense
351 1629 590 1727 'Septembris
606 1654 672 1728 pro
687 1629 786 1704 facto
798 1628 1093 1703 Sarracennrum
1104 1627 1230 1702 Sicilie

134 1732 367 1804 tantumdem
395 1731 519 1827 colligi
546 1733 698 1804 mandat
723 1733 769 1806 de
796 1740 896 1802 terra
923 1727 1143 1806 Casinensis
1170 1752 1229 1802 ec-

135 1829 249 1904 clesie
274 1831 493 1928 imperator,
521 1842 701 1929 quantum
729 1831 928 1904 collectum
953 1829 1021 1902 luit
1048 1829 1084 1903 in
1111 1854 1228 1929 prope

133 1931 312 2029 preterito
333 1932 466 2006 mense
484 1931 655 2006 Ianuarii.

135 2053 137 2058 ·
207 2033 373 2108 Marcbio
389 2033 656 2110 Montisferrati
675 2056 760 2106 cum
780 2031 912 2106 electis
931 2031 1119 2106 nonnullis
1135 2030 1229 2104 mili-

133 2133 230 2207 tibus
258 2158 353 2231 quos
378 2133 415 2209 in
441 2133 705 2208 Lombardiam
737 2143 775 2206 et
801 2131 977 2204 Tusciam
1009 2131 1227 2227 retinuerat,
1297 2225 1300 2232 .

134 2234 236 2306 venit
253 2233 519 2328 Brundusium,
537 2235 776 2332 profecturus
795 2231 830 2304 in
846 2231 1069 2306 Romaniam
1088 2232 1125 2304 in
1146 2257 1228 2304 suc-

133 2357 286 2408 cursum
305 2333 464 2408 civitatis
483 2332 848 2429 Thessalonicensis,
873 2357 986 2432 quam
1006 2332 1227 2408 Commiano

132 2437 286 2508 tenebat
312 2437 533 2530 obsessam,
569 2445 607 2510 et
633 2434 760 2512 relicta
786 2444 900 2532 gente
928 2458 995 2508 sua
1013 2433 1227 2530 Brundusii,

131 2535 215 2632 ipse
234 2537 280 2608 ad
299 2535 567 2634 imperatorem
586 2537 623 2610 in
643 2535 808 2612 Siciliam
827 2534 941 2630 vadit,
964 2533 1160 2608 consilium
1179 2538 1225 2607 ab

133 2659 178 2708 en
199 2648 236 2709 et
253 2635 430 2710 araxilium
456 2637 650 2735 petiturus.
703 2636 851 2713 Interea
868 2646 997 2708 tamen
1015 2635 1097 2734 ipse
1117 2637 1225 2710 Corn·

132 2737 257 2810 miano
284 2735 428 2834 optinet
449 2737 637 2812 civitatem
657 2737 794 2834 ipsam,
820 2735 881 2809 diu
901 2759 987 2810 eam
1006 2735 1226 2830 obsidendo,

131 2848 174 2910 et
186 2837 307 2911 dictus
326 2837 494 2912 marchio
513 2837 756 2914 nihilominus
776 2837 1022 2912 aBrundusio
1038 2837 1075 2908 in
1092 2836 1225 2910 Rorna-

130 2937 230 3012 niam
249 2939 477 3014 transfretat.

615 3080 737 3172 1225.

203 3217 1222 3315 lohanneslherosolimitanusrexdepartibusrediens

129 3317 429 3414 ultramontanis,
457 3342 543 3392 cum
569 3343 684 3391 uxore
710 3343 778 3390 sua
796 3327 1008 3416 pregnante
1026 3317 1099 3390 filia
1120 3317 1221 3415 regis

129 3417 334 3515 Hyspanie,
358 3443 469 3517 qnam
490 3418 593 3492 duxit
610 3417 760 3514 ibidem,
780 3421 876 3516 apud
897 3419 1065 3516 Capuam
1085 3418 1222 3490 morari

129 3516 256 3612 elegit,
275 3519 335 3592 ubi
353 3519 580 3618 imperatore
600 3521 801 3594 mandante
821 3518 1025 3594 honorifice
1044 3528 1221 3618 receptus

90 3653 94 3662 ·
130 3625 201 3710 est,
227 3616 350 3714 ibique
378 3643 511 3694 mense
528 3621 665 3718 Aprilis
691 3619 807 3694 filiam
836 3619 981 3720 peperit
1008 3644 1101 3694 uxor
1127 3619 1222 3716 eius,

129 3741 213 3788 cum
234 3743 305 3814 qua
326 3723 563 3815 postmodum
582 3721 620 3793 in
638 3723 810 3820 Apuliam
836 3721 1042 3818 descendit,
1070 3731 1107 3793 et
1131 3730 1222 3817 aput

127 3818 331 3915 Melphiam
345 3819 613 3918 imperatorem
629 3825 673 3896 de
684 3823 807 3897 Sicilia
824 3833 1023 3896 venturum
1037 3832 1220 3918 expectat.

201 3919 305 3992 Tunc
318 3920 522 4018 imperator
535 3921 617 4019 ipse
633 3927 794 3998 barones
810 3947 944 3996 omnes
962 3933 999 3995 et
1012 3922 1150 3995 milites
1167 3921 1220 3992 in-

126 4019 297 4094 feudatos
324 4025 370 4095 ad
389 4022 684 4098 sarracenorum
713 4024 971 4098 confusionem
998 4023 1034 4096 in
1053 4021 1218 4098 Siciliam

126 4131 248 4216 vocat,
275 4132 311 4194 et
329 4133 418 4196 tuno
436 4124 519 4223 ipse
538 4124 575 4196 in
594 4123 766 4222 Apuliam
786 4123 898 4200 venit.
997 4109 1002 4128 ⁸

125 4273 149 4342 a)
168 4277 205 4328 tta
225 4291 262 4341 c.;
282 4277 360 4330 datiis
380 4283 408 4332 et
424 4280 508 4334 dariis
526 4281 589 4334 add.
