3326 5022
1180 353 1186 386 l

521 378 561 448 A.
595 379 852 452 tart—1214.
1190 377 1237 448 33

145 578 296 651 nrannie
315 577 508 676 planitiem
527 577 697 674 optinuit,
723 575 813 648 solis
832 575 902 674 ipsi
922 575 1046 648 Ottani
1067 575 1239 646 munitio·

146 681 253 752 nibus
273 681 568 750 remanentibus.

220 781 300 851 Hoc
318 803 417 850 anno
437 779 558 850 fames
578 777 613 848 in
632 777 764 874 Apulia
786 787 912 848 exorta
935 787 1002 848 est.

629 929 752 1021 1213.

221 1067 459 1164 Innocentius
485 1092 582 1166 papa
601 1069 739 1141 Urbem
761 1067 891 1140 exiens
910 1090 1044 1140 mense
1063 1065 1154 1138 Iunii
1174 1065 1239 1137 ivit

73 1219 75 1224 .
146 1167 364 1264 viterbium,
383 1170 443 1241 ubi
464 1193 532 1267 per
550 1163 763 1266 generales,
783 1193 877 1265 quas
897 1167 1033 1265 ubique
1052 1177 1237 1238 terrarum

93 1272 98 1279 ’
144 1268 279 1366 disigio
298 1270 442 1343 litteras
462 1294 596 1343 omnes
616 1269 753 1344 Christi
771 1267 903 1341 fideles
923 1271 969 1340 ad
987 1279 1086 1340 terre
1106 1277 1237 1340 sancte

145 1370 351 1442 subsidium
371 1371 601 1466 exhortatur,
629 1394 697 1466 per
721 1393 814 1466 quas
843 1369 956 1441 etiam
983 1367 1237 1441 excommuni-

144 1470 301 1542 cationis
334 1471 487 1543 innodat
510 1471 659 1543 vinculo
688 1469 875 1542 cursarios
904 1479 942 1540 et
967 1473 1236 1566 pyratassqui

144 1573 296 1667 capiunt
321 1581 358 1644 et
383 1571 545 1668 spoliant
572 1581 835 1664 transeuntes,
875 1570 1003 1667 sicque
1029 1568 1236 1643 subsidium

144 1671 351 1768 impediunt
368 1681 468 1744 terre
488 1671 671 1765 eiusdem7
699 1681 737 1743 et
761 1671 823 1769 qui
849 1670 1014 1744 scienter
1033 1670 1237 1742 communi·

144 1783 230 1844 cant
248 1796 333 1844 cum
353 1771 496 1845 eisdem
516 1771 552 1844 in
573 1772 696 1870 aliquo
717 1771 939 1846 venditionis
959 1772 1019 1844 vel
1036 1771 1237 1868 emptionis

144 1883 348 1946 contractu.
406 1874 563 1946 lunovat
597 1885 771 1972 preterea
808 1873 1234 1946 excommunicationem

141 1974 256 2046 latam
283 1976 464 2046 adversus
488 1999 568 2068 eos,
596 1975 656 2072 qui
683 1975 901 2049 Sarraceuis
929 1999 1052 2069 arma,
1080 1975 1235 2068 ferrum,

142 2074 346 2170 lignamina
372 2076 546 2148 deferunt
573 2077 788 2172 galearum7
822 2077 958 2172 quique
983 2099 1067 2146 cum
1094 2076 1235 2171 pyratis

142 2175 1235 2272 Sarracenorumnavibuscuramgubernalianisexercent,

144 2276 356 2373 precipiens
384 2276 599 2348 huiusmodi
626 2277 852 2350 sententiam
880 2301 949 2374 per
969 2300 1103 2348 omnes
1122 2281 1235 2350 urbes
1317 2310 1345 2346 κ

145 2376 351 2448 maritimas
372 2376 548 2473 publicari
569 2378 699 2481 dlebus
718 2377 914 2451 dominicis
935 2389 972 2451 et
990 2377 1146 2451 festivis.

628 2537 750 2627 1214.

218 2672 298 2744 Hoc
322 2697 421 2744 anno
447 2673 567 2746 dictus
589 2674 675 2746 Otto
700 2699 786 2748 cum
812 2700 904 2774 rege
923 2678 1076 2750 Francis
1096 2678 1343 2752 betramum.

61 2845 63 2852 ,
144 2772 397 2868 committens,
424 2778 469 2847 ab
497 2773 580 2870 ipso
605 2796 697 2872 rege
722 2776 889 2852 devictus
917 2789 975 2852 est
995 2790 1031 2852 et
1049 2781 1234 2876 fugatum

218 2873 457 2947 Innocentius
476 2899 575 2972 papa
589 2877 658 2949 has
674 2878 784 2950 mittit
797 2879 940 2952 litteras
956 2883 1000 2954 ad
1017 2881 1234 2954 soldanum:

142 2974 367 3047 Innocentius
385 2982 447 3047 etc.
501 2976 619 3050 Nobili
641 2981 719 3052 viro
738 2979 963 3074 Sepbedinat
986 2982 1140 3054 soldano
1160 2982 1234 3054 Ila·

141 3078 256 3148 masei
273 3076 517 3172 etBabilanie,
536 3081 697 3152 timorem
717 3081 826 3154 divini
841 3085 994 3155 nominis
1012 3091 1045 3156 et
1061 3108 1233 3155 amorem.

36 3193 38 3198 ·
142 3175 313 3248 Danihele
338 3178 514 3272 propbeta
538 3185 689 3253 testante
713 3181 911 3279 didicimus,
938 3185 1035 3280 quad
1058 3191 1112 3256 est
1136 3184 1234 3257 Deus

141 3278 177 3346 in
202 3277 288 3368 ceta,
316 3281 375 3372 qai
399 3279 533 3352 revelat
556 3283 726 3372 misteria,
753 3291 869 3354 mutat
884 3291 1047 3379 tempora
1067 3291 1100 3355 et
1117 3291 1235 3356 trans·

127 3378 212 3461 'fert
228 3401 352 3471 repna,
380 3385 420 3452 al
435 3382 590 3452 universi
607 3390 838 3476 capnascant,
866 3384 962 3479 pand
983 3384 1157 3456 Dominus
1175 3409 1234 3456 ea·

142 3475 256 3547 celsas
278 3480 314 3548 in
339 3503 448 3574 repno
473 3480 671 3576 bominum,
699 3489 731 3554 et
756 3485 813 3554 cai
839 3484 989 3555 notuerit
1012 3483 1114 3556 dabit
1136 3483 1233 3556 illud.

142 3575 223 3644 Hac
248 3583 366 3647 autem
392 3580 567 3651 evidenter·
597 3582 765 3675 ostendit,
801 3584 947 3679 quando
975 3583 1170 3657 Ierusalem
1202 3592 1236 3655 et

142 3677 229 3761 lines
253 3678 327 3747 eius
345 3678 443 3748 tradi
458 3682 619 3770 permisit
635 3685 670 3754 in
688 3708 817 3769 manas
834 3686 962 3768 fratris
980 3687 1041 3779 tui,
1068 3708 1139 3757 nan
1158 3691 1232 3756 tam

139 3781 289 3868 propter
312 3779 386 3850 eius
411 3780 570 3850 virtatem
597 3805 705 3876 qaam
729 3792 878 3879 propter
906 3787 1083 3872 offensam
1112 3786 1236 3879 papali

142 3875 346 3971 christiani,
380 3877 492 3952 Deam
511 3881 625 3973 ipsam
653 3883 704 3954 ad
729 3885 956 3958 iracundiam
979 3889 1212 3980 provocantis
1220 3913 1234 3978 5

142 3978 202 4072 qai
236 3979 430 4052 secandam
460 3980 672 4076 propbetas,
709 4008 789 4055 carn
821 3988 1008 4080 irascitur,
1044 3981 1119 4060 nan
1148 3987 1234 4059 abti-

140 4147 164 4217 a)
183 4151 248 4205 baec
265 4155 396 4206 sententia
415 4168 508 4208 errare
526 4159 666 4210 anteeant
684 4172 818 4211 namnam
836 4161 935 4228 scripta
955 4165 1002 4213 est.
1092 4160 1118 4232 b)
1137 4163 1174 4215 ita
1193 4162 1233 4214 tn:

140 4239 239 4293 qaoque
259 4228 401 4296 Inpendam,
422 4241 486 4282 aare
504 4232 555 4282 iarn
577 4234 723 4285 atramento
741 4231 815 4285 r'llr'ta.
