3326 5022
560 326 832 455 cunerono.
920 447 923 454 Α
1189 382 1242 444 vu

252 580 370 652 Codec
388 606 498 652 manu
512 583 693 676 Iiyccardi
709 586 932 676 conscriptus
946 584 1240 656 membranaceus

54 677 60 688 “
149 681 184 750 in
202 682 290 765 totio
310 685 357 753 48
370 683 553 775 foliorum,
572 707 719 755 numero
734 687 809 758 450
821 686 985 778 sipnatus
1003 686 1038 754 in
1056 682 1238 754 tabulario

150 781 334 853 Casiuensi
360 781 588 876 adservatur,
614 785 674 854 ubi
699 807 778 856 eum
802 807 921 856 mense
938 784 1017 856 Iulii
1035 785 1122 854 anni
1143 783 1237 856 1822

23 928 43 944 c
148 903 222 978 qua
244 879 425 974 ditipentia
448 885 527 970 fieri
547 885 663 977 potuit
684 908 765 956 cum
789 885 940 956 editione
958 883 1151 955 Muratorii
1168 883 1238 955 cot·

148 981 260 1052 tatum
279 979 334 1052 die
356 984 410 1054 18.
429 982 509 1054 Iutii
526 983 692 1056 absotoiss.
726 984 939 1057 Membrana
951 987 1087 1078 passim
1101 983 1237 1076 Incero,

74 1151 77 1160 ,
148 1085 328 1175 scripturo
351 1083 487 1154 saecuti
512 1083 606 1156 XIII.
634 1087 784 1158 ineuntis
811 1092 846 1157 et
868 1086 984 1176 medii,
1014 1087 1072 1178 32,
1101 1083 1161 1177 33,
1189 1087 1236 1159 36

39 1228 42 1234 =
145 1206 211 1276 per
236 1185 410 1276 popinam
435 1183 635 1276 tinearum3
661 1185 778 1257 littera
803 1186 1060 1257 vocabulorum
1079 1184 1235 1276 initiata,

98 1272 107 1348 J
146 1287 285 1355 numeri
302 1290 335 1354 et
352 1284 575 1357 substantiva
593 1296 702 1378 saepe
720 1281 829 1357 rubro
847 1286 1118 1377 columnatam,
1137 1287 1235 1356 initio

145 1389 264 1454 erecta
291 1391 325 1455 et
350 1383 534 1478 distincta,
565 1384 740 1479 paulatim
764 1385 861 1472 totiis
879 1387 1027 1459 21-32
1054 1391 1087 1454 ct
1112 1407 1234 1456 oersus

48 1564 51 1570 ³
145 1485 274 1554 ercitum
293 1484 374 1555 iibri
390 1487 426 1554 in
445 1488 624 1558 cursioam
644 1489 760 1578 mopis
778 1486 928 1574 transit,·
956 1485 1080 1556 ultima
1096 1486 1234 1578 p'apina

144 1585 235 1656 tectu
254 1584 443 1672 difficilior.
474 1583 609 1658 Auctor
626 1591 823 1656 retractato
842 1591 938 1656 tectu
956 1584 1134 1680 quaedam
1154 1607 1232 1655 cor·
1364 1665 1368 1680 Ι

145 1689 237 1756 rcnit
261 1685 452 1778 addiditoe,
479 1688 516 1757 in
540 1688 703 1781 marpine
729 1691 942 1781 arpumentn
968 1691 1002 1756 et
1027 1709 1116 1778 quos
1133 1686 1232 1770 intro

145 1788 298 1880 reperies
323 1809 447 1860 versus
469 1788 620 1880 scripsit.
670 1785 772 1858 Maio
796 1793 916 1858 tamen
940 1788 1089 1870 fortuna
1109 1787 1230 1876 euenit,

144 1886 240 1980 quod
255 1889 512 1980 posterioribus
530 1887 682 1958 sacculis
700 1886 847 1958 tectores
872 1885 926 1958 vet
942 1886 1082 1957 scribac
1100 1891 1230 1956 tectum

142 1987 243 2059 baud
258 1991 385 2080 paucis
403 1991 438 2058 in
457 1988 545 2059 iocis
561 1991 656 2071 t'ortc
674 1987 861 2059 evanidam
882 1991 1085 2057 atramento
1102 1987 1233 2056 recent'

142 2088 274 2158 ittinere
304 2091 445 2180 conati,
482 2088 664 2160 tectionem
697 2086 842 2158 dubiam
874 2086 1125 2174 reddiderunt3
1162 2109 1230 2180 quo

140 2191 277 2272 factum
304 2195 373 2282 est,
407 2195 445 2259 ut
470 2191 514 2260 iis
539 2191 573 2259 in
601 2187 688 2259 Iocis
714 2194 828 2259 tentus
851 2189 1011 2280 priorum
1039 2185 1229 2258 editionum

141 2290 259 2361 mistis
277 2288 460 2360 vocabulis
479 2291 647 2382 antiquae
666 2293 700 2358 et
716 2287 911 2358 modernae
924 2288 1124 2379 scripturae
1137 2308 1231 2357 com·

136 2389 278 2482 positus
301 2390 363 2480 sit,
399 2411 491 2482 quas
515 2393 686 2483 quantum
711 2389 788 2475 fieri
808 2389 928 2482 potuit
957 2387 1172 2482 distinpucre
1198 2393 1231 2456 ct

140 2495 272 2561 tectum
292 2487 530 2560 authenticum
550 2489 731 2560 restituere
750 2494 902 2559 conotus
919 2510 1008 2560 sum.
1231 2559 1233 2562 .

217 2587 434 2682 Compendia
453 2591 653 2682 scripturae
669 2590 860 2682 praecipue
878 2591 915 2658 in
932 2587 1132 2659 nominibus
1142 2609 1227 2680 pro-

136 2691 225 2784 priis
245 2688 405 2760 adbibita
424 2695 516 2782 sunt,
544 2687 748 2782 dipbtbonpi
766 2707 959 2782 nunquam.

216 2791 342 2861 Tectus
360 2790 513 2862 saecuiis
531 2787 632 2861 XVII
646 2795 679 2860 et
696 2787 816 2860 XVIII
829 2785 1119 2878 transscriptus⁷‚
1141 2810 1227 2880 quer-

137 2890 203 2962 Iem
219 2890 390 2962 Panormi
404 2891 538 2962 Romae
556 2896 589 2962 et
605 2888 837 2962 Medionronti
853 2891 888 2960 in
907 2886 1086 2960 codicibus
1104 2885 1225 2958 biblia·

135 2991 318 3063 thecarum
343 2993 541 3085 principum
569 2989 736 3084 Iitabae,
773 2997 808 3060 et
829 2989 1021 3060 Berrberini
1044 2987 1086 3058 Ν.
1119 2989 1224 3079 1235,

137 3098 242 3186 atque
266 3092 401 3164 domini
430 3092 581 3164 Thomae
599 3090 768 3185 Phiitipps
792 3090 965 3180 baroneti,
992 3087 1114 3181 evolvi,
1141 3111 1224 3158 enu-

135 3191 308 3264 cleandae
340 3191 479 3264 lectioni
510 3195 679 3286 antiquae
710 3191 795 3262 nibil
828 3192 967 3274 confert
975 3217 988 3284 ,·
1026 3189 1225 3261 cuiusmodi

134 3293 302 3386 coemptis
332 3295 528 3365 innituntur
558 3292 727 3364 editiones
753 3295 896 3386 priores
925 3296 1071 3386 praeter
1101 3313 1222 3361 unam.

132 3393 225 3465 Sunt
239 3399 357 3466 autem
374 3393 464 3465 bae:

132 3533 162 3608 6)
195 3551 231 3600 ν,
256 3534 385 3595 annates
420 3543 544 3596 nostros
578 3532 690 3594 Archiv
725 3542 783 3594 etc.
812 3533 846 3595 T.
879 3531 916 3606 V,
953 3531 998 3594 13.
1034 3529 1218 3594 179-181.

132 3613 162 3696 7)
191 3615 234 3674 Ea
264 3615 304 3674 de
330 3634 374 3688 re,
402 3617 525 3678 Gottula
548 3637 616 3700 pag.
639 3617 701 3680 818
723 3623 886 3688 monento,
915 3614 1051 3694 Angelus
1073 3613 1113 3674 de
1134 3615 1219 3684 Nuce

132 3699 229 3758 obbas
247 3695 424 3760 Casinensis
440 3719 477 3760 ac
493 3709 601 3780 postea
618 3699 874 3780 archiepiscopus
891 3699 1096 3759 Rossanensis
1112 3698 1141 3758 in
1158 3697 1219 3758 fine

132 3781 231 3842 ultimi
247 3779 316 3842 folii
333 3781 449 3843 codicis
465 3783 544 3842 hoec
558 3785 735 3844 adnotavit:
757 3784 896 3846 Monendi
910 3789 979 3842 sunt
993 3783 1125 3842 tectores
1147 3830 1154 3845 .
1169 3830 1175 3844 .
1189 3829 1217 3846 ..

133 3863 259 3945 (nomen
276 3863 431 3926 aGattuIa
449 3866 609 3949 omissum)
628 3867 792 3928 Calabrum
805 3865 1105 3943 archipresbyterum
1117 3868 1219 3927 Casiri

131 3949 200 4009 novi
215 3949 366 4009 dioecesis
379 3949 458 4010 bunc
473 3950 607 4011 codicem
622 3970 683 4012 non
698 3952 792 4012 semet
805 3949 1018 4026 exscribendo,
1039 3968 1100 4013 non
1113 3971 1218 4032 pauca

128 4052 187 4110 per
202 4041 322 4110 turpem
337 4029 575 4096 assentationem
591 4043 620 4094 et
634 4035 778 4114 frondem
792 4042 906 4094 temere
920 4033 1055 4112 vitiasse,
1077 4055 1156 4116 quae
1178 4058 1218 4098 ec

130 4116 188 4175 boc
211 4117 403 4196 autoprcpbo
425 4119 618 4199 corripenda.
657 4119 722 4181 Nec
744 4119 860 4180 mendis
881 4127 973 4180 occat
995 4121 1087 4183 editio
1106 4121 1220 4201 Upbetti

128 4199 158 4259 in
179 4201 272 4262 Itatio
293 4200 406 4262 Socra.
