3352 5026
427 423 499 499 150
624 419 907 496 nrccnnnus
932 419 995 494 nu
1021 419 1058 495 s
1086 399 1316 497 canulro

424 620 604 720 deputati,
618 625 821 694 mandante
836 645 968 694 cesare
979 621 1211 719 deferuntur,
1226 631 1385 720 excepta
1394 621 1520 696 tabula

425 723 554 796 altaris
574 723 693 796 sancti
712 722 919 819 Benedicti,
946 732 985 794 et
1009 733 1049 794 ut
1066 723 1199 795 redimi
1218 726 1380 796 debeant
1397 747 1419 796 a
1438 748 1521 821 pre·

423 824 509 898 latis
537 823 695 920 singulis
721 833 757 896 et
785 822 970 919 ecclesiis,
998 848 1156 921 quarum
1183 833 1303 918 erant,
1330 848 1398 922 pro
1419 835 1522 898 certa

424 925 585 1024 pecunie
600 923 883 1020 quantitate,ab
897 925 1126 1022 imperatore
1141 928 1350 1000 mandatur.
1376 926 1520 998 Eodem

425 1049 560 1099 mense
585 1025 734 1097 iubetur
758 1050 780 1097 a
803 1048 949 1121 cesare,
976 1036 1017 1097 ut
1042 1025 1165 1098 nullus
1190 1029 1237 1098 de
1261 1049 1380 1122 regno
1400 1050 1520 1122 equos

425 1137 489 1200 aut
519 1149 623 1198 arma
657 1127 821 1198 vendere
851 1126 912 1199 vel
941 1126 1093 1198 trahere
1119 1135 1224 1198 extra
1248 1149 1410 1223 regnum
1436 1151 1520 1225 pre·

426 1237 562 1302 sumat.

499 1325 692 1423 Inquisitio
722 1337 813 1424 aput
837 1326 1016 1400 Sanctum
1044 1326 1275 1399 Germanum
1299 1324 1340 1398 lit
1368 1329 1415 1399 de
1442 1351 1518 1399 me-

426 1427 517 1501 dicis
546 1425 607 1524 qui
635 1427 778 1499 mederi
804 1426 885 1500 ausi
912 1437 1012 1522 sunt,
1040 1437 1076 1498 et
1101 1427 1138 1498 in
1162 1437 1240 1500 tota
1259 1427 1420 1524 abbatia,
1447 1427 1519 1500 nisi
1649 1449 1650 1452 ’

425 1535 471 1605 de
492 1527 646 1642 licentia
673 1527 879 1626 imperialis
905 1526 1006 1600 curie
1032 1537 1069 1600 et
1092 1550 1162 1625 per
1186 1553 1272 1601 eam
1298 1527 1436 1601 fuerint
1454 1553 1518 1626 ap·

424 1634 640 1806 prolliiiitas
657 1730 782 1802 Accon
802 1728 960 1801 rebellat
976 1727 1203 1826 imperatori.

499 1831 631 1903 Mense
657 1828 880 1902 Novembris
909 1827 1120 1902 Celestinus
1153 1853 1250 1927 papa
1277 1827 1397 1902 Rome
1429 1839 1519 1926 aput

425 1931 605 2005 Sanctum
629 1928 780 2002 Petrum
809 1928 914 2026 obiit,
943 1931 1051 2002 etde
1078 1929 1325 2003 cardinalibus
1354 1928 1518 2028 quidam,
1649 1993 1650 2022 ,

426 2057 471 2105 eo
499 2030 701 2128 insepulto,
728 2033 774 2103 de
799 2031 898 2104 Urbe
924 2029 1119 2128 fugerunt,
1146 2041 1184 2103 et
1212 2031 1450 2103 contulerunt
1476 2053 1519 2102 se
1649 2077 1650 2102 2

308 2199 311 2206 .
424 2130 648 2230 Anagniam.

498 2233 630 2305 Mense
649 2231 867 2304 Decembris
886 2231 1104 2330 imperatrix
1130 2241 1219 2330 aput
1237 2229 1391 2328 Fogiam
1418 2230 1518 2325 obiit,
1649 2211 1650 2274 Ῐ

426 2343 463 2405 et
481 2343 571 2432 aput
588 2331 766 2406 Andriam
786 2332 976 2431 sepelitur.
1649 2351 1650 2360 κ

911 2501 1034 2590 1242.

499 2640 629 2714 Mense
647 2638 807 2712 Ianuarii
826 2638 1014 2736 generalis
1034 2637 1191 2712 collecta
1210 2661 1278 2736 per
1295 2649 1416 2711 totum
1434 2663 1518 2736 reg·
1649 2675 1650 2708 i

424 2765 515 2814 uum
534 2740 706 2838 exigitur,
726 2742 772 2814 de
791 2764 865 2838 qua
882 2738 992 2812 tertia
1005 2763 1094 2837 pars
1110 2739 1322 2834 remittitur,
1341 2739 1437 2812 sicut
1451 2739 1520 2810 luit
1649 2765 1650 2768 ¹

424 2867 525 2914 anno
538 2843 727 2940 preterito.
748 2840 1012 2939 Inquisitiones
1027 2839 1121 2912 fiunt
1131 2839 1268 2936 ubique
1279 2864 1347 2938 per
1356 2863 1515 2937 regnum

424 2954 553 3015 contra
572 2941 741 3015 infideles
760 2941 933 3014 inventos
950 2953 1121 3040 tempore
1136 2939 1369 3036 turbationis,
1389 2951 1516 3013 contra

424 3042 656 3116 forbannitus
684 3053 720 3114 et
741 3041 996 3137 foriudicatos,
1024 3051 1151 3114 contra
1171 3041 1357 3114 aleatores
1378 3053 1416 3114 et
1433 3066 1516 3140 pro-

422 3141 538 3216 hibita
557 3165 663 3213 arma
681 3151 889 3240 portantes,
910 3152 947 3214 et
964 3166 1079 3239 super
1097 3141 1223 3214 multis
1242 3141 1324 3215 aliis
1340 3142 1516 3216 articulis.

498 3243 629 3316 Mense
661 3242 874 3316 Februarii¹
907 3241 1114 3316 Richardus
1148 3245 1193 3315 de
1225 3243 1461 3339 lllontenigro
1494 3267 1516 3313 a

421 3342 657 3417 iustitiariatu
676 3353 778 3418 terre
794 3343 948 3416 Laboris
968 3338 1178 3438 amovetur,
1205 3353 1243 3416 et
1266 3343 1445 3438 Gysulfus
1471 3346 1516 3416 de

422 3445 572 3518 Mannia
600 3445 921 3519 substituiturilli.
981 3445 1119 3518 Turres
1144 3443 1303 3518 civitatis
1330 3444 1416 3517 bari
1443 3467 1516 3542 que

423 3553 530 3619 erant
553 3546 590 3618 in
616 3545 765 3620 civitate
792 3545 997 3644 imperator
1023 3545 1116 3617 dirui
1142 3545 1252 3618 iubet.
1300 3545 1514 3618 Biscoctum
1649 3559 1650 3570 ¹

422 3644 504 3720 fieri
530 3645 619 3720 lacit
644 3670 713 3745 per
737 3646 820 3718 loca
847 3645 1033 3718 maritima
1061 3656 1098 3718 ct
1124 3645 1236 3718 etiam
1255 3670 1324 3744 per
1340 3647 1423 3718 loca
1443 3645 1515 3717 alia

422 3771 489 3846 pro
508 3747 613 3821 fodro
637 3749 708 3822 150
725 3747 920 3845 galearum
940 3758 977 3820 et
996 3749 1044 3821 20
1062 3746 1229 3842 navium,
1255 3771 1349 3844 quas
1377 3746 1515 3818 armari

421 3850 575 3924 mandat
593 3872 711 3946 super
726 3847 884 3922 Pisanos
904 3857 941 3920 et
957 3850 1141 3921 Venetos:
1161 3851 1206 3921 ad
1225 3847 1436 3920 Romanam
1454 3870 1515 3918 cu-

422 3949 515 4022 riam
542 3948 764 4045 magistrum
790 3951 924 4022 domus
944 3947 1234 4022 Teutonicorum
1257 3958 1424 4022 creatum
1450 3971 1515 4018 no·

423 4121 448 4191 a)
474 4124 543 4178 duuc
565 4123 700 4178 cdumaac
724 4137 805 4176 rusae
826 4121 944 4192 scateam
966 4121 1088 4174 ascribo
1106 4123 1176 4190 ipro,
1202 4121 1288 4176 adbuc
1306 4122 1443 4192 laffordum
1463 4126 1517 4174 ese:

421 4232 449 4320 ,n
465 4195 570 4320 pjpbe..
586 4211 621 4263 qu
632 4233 653 4247 ..
675 4194 725 4246 luit
741 4194 767 4246 in
785 4191 999 4247 ecclesia‘sanut
1017 4191 1088 4246 Petri
1105 4202 1131 4246 et
1147 4211 1272 4254 a......;
1293 4193 1406 4264 imperat
1423 4232 1446 4245 ..
