3326 5022
412 315 415 322 ’
546 355 586 426 n.
619 355 723 427 9999.
754 353 860 426 9999
1200 356 1243 424 rt

156 555 257 631 colas
285 553 391 652 penis
418 553 556 626 addixit
578 551 689 624 variis
717 561 754 626 et
772 549 990 644 tormentis·
1018 561 1056 623 et
1073 517 1247 624 Sarrace

155 681 287 728 norum
307 653 462 727 traditos
483 653 672 750 potestati,
697 675 790 748 quos
815 675 947 724 secum
966 652 1012 722 de
1030 651 1162 748 Apulia
1183 655 1244 724 du-

132 769 135 774 “
153 767 273 849 xerat
299 755 335 826 in
355 755 447 851 ipsis
468 754 692 826 cruciatibus
713 752 862 832 99991999
882 751 1015 848 coegit.

229 854 433 968 Gregorius
464 879 561 953 papa
588 855 625 928 99
652 852 954 966 (199999999999,
982 875 1048 949 999
1077 875 1121 924 99
1150 853 1246 948 quod

153 955 357 1028 Marchiam
375 955 581 1034 intraverat
600 965 636 1028 et
655 953 884 1042 ammonitus
904 954 1045 1051 999999,
1068 961 1108 1023 99
1125 952 1245 1050 ipsam

155 1053 283 1128 exiens
312 1055 348 1128 in
378 1080 480 1170 pace
498 1057 701 1132 dimitteret
729 1066 766 1128 et
790 1056 862 1125 hoc
882 1054 1007 1126 facere
1027 1053 1157 1146 991999,
1186 1076 1247 1126 ex·

39 1173 42 1182 ’
154 1157 502 1230 communicationis
530 1167 681 1230 sentent
682 1156 757 1228 iam
787 1153 1051 1251 promulgavit⁷
1075 1153 1244 1226 eiusdem

152 1257 550 1330 excommunicationis
577 1257 761 1328 innodans
786 1255 934 1326 vinculo
960 1278 1093 1328 omnes
1114 1277 1246 1350 sequa-

153 1376 217 1426 ces
237 1355 344 1428 911999.
377 1359 546 1454 Cumque
566 1381 635 1430 nec
655 1355 710 1428 sic
728 1378 908 1428 revocare
928 1365 1056 1452 posset
1071 1357 1247 1448 eundem,

153 1453 229 1526 vim
256 1457 290 1527 vi
318 1458 502 1554 repellere
526 1457 667 1530 licitum
695 1466 844 1552 999999,
871 1457 916 1528 ad
936 1453 1100 1528 Marchie
1120 1455 1186 1526 def
1185 1477 1247 1526 en-

152 1553 312 1650 9999999,
339 1579 411 1670 qne
431 1558 592 1630 ecclesie
612 1561 776 1652 99199999,
796 1555 978 1626 materiali
998 1555 1121 1650 gladio
1141 1554 1245 1628 nisus

154 1665 213 1728 est
239 1667 366 1728 contra
391 1657 530 1770 ipsum,
559 1657 619 1754 qui
645 1657 720 1728 iam
748 1679 815 1753 999
842 1666 950 1752 99999
969 1655 1172 1728 Marchiam
1199 1656 1245 1730 ad

152 1780 247 1853 opus
273 1757 418 1854 99999999
446 1769 598 1855 ceperat
625 1781 827 1854 occupare,
864 1767 900 1828 et
925 1767 1013 1828 tunc
1039 1755 1245 1828 Iohannem

153 1861 339 1952 quondam
358 1857 724 1932 lherosolimitanum
744 1880 889 1954 regem,
918 1867 955 1930 99
973 1857 1178 1929 Iohannem
1198 1859 1244 1928 dc

153 1955 359 2056 Columpna
379 1959 621 2053 cardinalem,
640 1983 723 2032 cum
745 1957 898 2054 copioso
917 1957 1065 2030 militari
1082 1968 1119 2029 99
1133 1958 1245 2055 pede-

127 2093 128 2096 *
151 2057 217 2132 9999
238 2057 402 2131 exercitu
423 2059 546 2155 dirigit
565 2069 691 2132 contra
713 2082 810 2134 enm.
842 2059 888 2148 At
908 2081 992 2128 cum
1012 2081 1084 2129 nec
1102 2057 1157 2132 sic
1172 2060 1244 2130 dux

150 2157 233 2254 ipse
259 2158 461 2232 desisteret
486 2164 531 2232 ab
550 2158 723 2255 inceptis,
750 2157 949 2230 arbitratus
970 2167 1028 2230 est
1047 2157 1128 2254 ipse
1147 2181 1244 2254 papa

153 2269 281 2329 contra
316 2259 422 2353 regni
457 2257 553 2332 lilios
588 2259 690 2330 acies
726 2255 886 2354 dirigere
923 2258 1169 2350 bellatorum,
1205 2267 1246 2328 ut

151 2357 259 2452 regni
284 2367 383 2430 statu
412 2369 450 2432 et
477 2360 579 2456 pacis
608 2357 733 2456 quiete
759 2362 918 2452 99919999,
946 2361 1043 2455 quod
1070 2360 1142 2430 dux
1162 2357 1244 2454 9999

150 2457 383 2532 voluntarius
411 2459 541 2556 991999,
569 2459 623 2532 999
649 2460 775 2532 facere
803 2469 1002 2555 cogeretur
1028 2457 1179 2552 9999999,
1208 2468 1244 2530 99

150 2559 355 2632 Marchiam
371 2559 584 2656 dimitteret,
598 2584 711 2657 quam
726 2583 845 2656 nsque
856 2560 1086 2632 Maceratam
1101 2559 1243 2632 9999999

151 2659 307 2772 imperio
339 2660 566 2756 subiugaret
618 2661 714 2732 Nam
745 2659 913 2742 collectis
945 2659 1116 2772 undique·
1138 2662 1244 2733 Cam-

149 2759 262 2873 papie
289 2783 334 2832 99
360 2761 545 2834 9999999999
573 2760 724 2856 viribus,
752 2759 997 2856 congregavit
1025 2758 1244 2853 exercitum,
1314 2759 1318 2768 '

150 2861 209 2932 cui
238 2864 425 2958 quendam
452 2862 674 2936 Pandulfum
705 2863 753 2934 de
778 2861 949 2958 Anagnia
982 2859 1241 2958 cappellanum

150 2985 274 3054 99999,
302 2962 363 3059 qui
387 2963 587 3076 legationis
607 2962 729 3036 ollicio
748 2963 986 3062 fungebatur,
1013 2971 1049 3034 et
1069 2961 1243 3052 exclusos

150 3064 196 3134 de
215 3086 332 3158 regno
353 3063 508 3138 comites
529 3063 712 3138 Thomam
732 3067 778 3136 de
798 3064 938 3138 Celano
958 3072 995 3134 et
1010 3047 1241 3158 Roggeriom

150 3164 196 3234 de
214 3163 346 3259 Aquila
366 3164 523 3261 prefecit
541 3166 758 3324 capitaneos
779 3175 815 3236 99
834 3167 1019 3238 ductores.

590 3331 760 3433 1129.

225 3469 282 3540 Η99
307 3492 440 3542 mense
468 3468 623 3542 19999999
653 3443 713 3543 l8⁰
737 3469 879 3540 mensis
900 3467 1068 3542 eiusdem
1089 3489 1157 3562 per
1175 3463 1241 3536 Ce-

150 3589 332 3678 peranum
348 3570 544 3640 venientes
559 3569 595 3640 in
611 3593 770 3682 regnum
786 3569 892 3643 clave
910 3566 1060 3664 signati,
1080 3565 1241 3638 insulam

150 3666 278 3743 Pontis
293 3667 451 3740 Solarati
471 3692 543 3765 que
563 3671 669 3765 regni
689 3679 768 3745 9999
787 3668 938 3762 9999999,
957 3691 1071 3766 quam
1091 3666 1241 3780 quidam

143 3768 314 3846 Adcuolf
312 3792 354 3842 us
368 3767 554 3843 Balaanus
571 3794 637 3866 999
651 3769 876 3867 imperatore
890 3773 1062 3863 99991999,
1069 3766 1241 3879 primitus

150 3879 431 3968 expugnantes7
459 3893 544 3942 cum
571 3895 612 3944 se
638 3881 767 3944 tenere
793 3895 867 3942 non
894 3881 1043 3968 999999,
1071 3866 1240 3966 pervim

150 3980 341 4068 ceperunt.

223 4069 511 4144 Bartholomeus
541 4093 690 4170 quoque
717 4074 763 4145 de
791 4071 952 4170 Supina,
987 4069 1049 4168 9999
1074 4079 1243 4152 castrum

149 4174 301 4244 tenebat
326 4171 453 4248 Sancti
480 4173 657 4248 Iohannis
685 4175 731 4248 de
758 4172 936 4268 19999999,
964 4183 1001 4246 99
1026 4171 1238 4259 1199999999
