3326 5022
607 428 647 502 A.
680 432 786 504 1228.
1199 431 1248 502 69

156 644 248 729 erat,
274 631 429 730 proponi
450 631 538 702 fecit
556 639 593 701 et
610 630 686 726 legi
705 628 914 726 subscripta
936 629 1096 725 capitula
1115 630 1151 700 in
1170 653 1248 700 mo-

155 737 243 807 dum
268 729 504 805 testamenti:
533 740 571 801 ut
598 729 769 802 videlicet
794 752 928 800 omnes
947 731 993 800 de
1012 751 1144 826 regno⁷
1170 740 1249 800 tam

154 833 288 933 prelati
308 855 420 928 quarn
439 829 579 904 domini
599 841 635 902 et
655 853 787 902 eorum
806 829 941 902 subditi
967 853 1115 924 omues,
1141 829 1176 901 in
1203 853 1247 900 ea

155 957 249 1034 pace
270 943 306 1004 et
325 931 591 1028 tranquillitate
607 931 777 1004 viverent
792 939 830 1002 et
844 941 1054 1026 manerent7
1074 955 1145 1028 qua
1162 953 1249 1004 esse.

156 1046 193 1107 et
225 1035 352 1104 vivere
387 1033 484 1104 soliti
513 1041 620 1104 erant
646 1041 819 1130 tempore
846 1031 949 1128 regis
977 1031 1165 1105 Guilielmi
1192 1054 1250 1102 se·

106 1153 110 1162 ·
157 1133 279 1230 cundi,
306 1132 434 1208 relicto
460 1143 548 1204 tunc
567 1133 673 1228 regni
692 1133 803 1206 ballio
822 1133 1013 1226 Raynaldo
1037 1135 1131 1206 duce
1157 1131 1250 1230 Spo-

156 1235 240 1330 leti7
277 1233 372 1306 etsi
399 1231 561 1306 delicere
593 1233 859 1330 imperatorem
893 1233 1147 1329 contingeret,
1181 1231 1250 1306 sibi

157 1335 195 1407 in
220 1333 377 1430 imperio
404 1343 441 1406 et
465 1357 583 1429 regno
610 1337 830 1406 succederet
849 1333 1032 1406 Henricus
1050 1333 1148 1404 filius
1169 1334 1249 1404 eius

157 1435 295 1530 maior5
316 1437 411 1531 quod
430 1433 461 1505 si
477 1433 578 1504 illurn
596 1435 738 1526 absque
752 1433 878 1506 liberis
894 1433 987 1504 mori
1003 1435 1251 1530 contingeret,

157 1537 379 1610 Cbunradus
404 1531 501 1606 fitius
522 1533 602 1607 eius
622 1531 744 1604 minor
762 1534 984 1606 succederet
1001 1533 1071 1627 illi3
1100 1536 1197 1630 quod
1219 1533 1251 1604 si

157 1640 268 1710 ambo
300 1637 527 1708 decederent
553 1632 638 1710 tiliis
666 1658 740 1704 non
774 1634 1002 1726 extantibus7
1037 1632 1101 1706 lilii
1132 1633 1251 1730 ipsius

158 1741 382 1835 superstites
412 1759 505 1832 quos
534 1737 579 1806 de
606 1733 775 1830 legitima
803 1759 918 1806 uxore
947 1735 1178 1833 susceperit,
1214 1734 1250 1806 in

159 1840 292 1910 eodem
318 1859 436 1932 regno
463 1860 531 1907 suo
552 1838 773 1930 succedant3
802 1846 838 1907 et
860 1835 1029 1933 precipit,
1059 1846 1098 1907 ut
1116 1859 1250 1908 omnes

157 1937 331 2012 homines
363 1935 470 2032 regni
502 1935 559 2006 sui
591 1960 663 2032 que
695 1935 825 2008 statuit
851 1939 1015 2010 debeant
1040 1935 1251 2009 iuramento

161 2061 334 2125 servare3
371 2060 443 2134 que
468 2045 596 2108 tamen
623 2036 677 2108 sic
703 2037 894 2108 observari
920 2038 1129 2132 mandavit,
1158 2037 1188 2110 si
1215 2037 1251 2108 in

158 2137 325 2236 presenti
360 2137 537 2233 passagio
571 2137 789 2210 humanitus
817 2138 862 2208 de
890 2137 972 2234 ipso
1000 2137 1136 2234 aliquid
1166 2161 1251 2210 con-

158 2239 334 2335 tingeret
361 2237 433 2308 nisi
455 2237 553 2308 aliud
572 2247 841 2310 testamentum
861 2240 906 2308 ab
927 2261 971 2308 eo
992 2238 1132 2310 editum
1152 2261 1251 2308 com-

158 2347 320 2438 pareret.
351 2336 429 2408 llec
449 2359 574 2408 coram
596 2361 638 2410 se
656 2336 769 2408 iurari
788 2335 877 2408 fecit
894 2336 1099 2434 imperator
1117 2363 1140 2410 a
1157 2339 1252 2410 duce

160 2437 326 2538 predicto
355 2445 392 2508 et
412 2435 572 2508 Henrico
592 2439 637 2510 de
656 2437 778 2510 norro
799 2437 980 2534 magistro
999 2438 1195 2512 justitiario
1216 2448 1253 2510 et

160 2539 241 2612 aliis
270 2537 456 2610 nonnullis
477 2539 522 2609 de
541 2561 659 2634 regno
679 2537 740 2635 qui
755 2538 1013 2611 interfuerunt.
1059 2538 1253 2636 Disposuit

89 2702 91 2706 .
153 2640 289 2734 etiam,
317 2640 413 2734 quod
441 2637 564 2710 nullus
593 2640 638 2710 de
666 2661 784 2734 regno
811 2663 879 2736 pro
907 2641 992 2712 data
1017 2641 1077 2711 vel
1096 2639 1252 2712 collecta

160 2741 296 2836 aliquid
316 2741 433 2833 daret,
454 2737 526 2812 nisi
544 2761 612 2835 pro
633 2737 849 2812 utilitatibus
867 2739 974 2834 regni
995 2751 1032 2812 et
1049 2739 1254 2812 necessita-

159 2841 258 2914 tibus
278 2837 480 2936 expediret.

237 2941 367 3012 Mense
401 2937 486 3010 Maii
521 2939 647 3012 casale
680 2943 865 3036 quoddam
901 2940 938 3011 in
965 2940 1120 3038 Apulia,
1156 2943 1252 3036 quod

161 3040 396 3114 Gaudianum
424 3039 574 3134 dicitur,
611 3038 816 3114 Melliensis
845 3041 1037 3138 dyocesis,
1072 3046 1117 3115 ob
1144 3041 1253 3138 culpe

161 3141 336 3216 meritum
356 3141 583 3238 imperatore
602 3143 804 3214 mandante
824 3142 1035 3218 destruitur.

236 3239 384 3315 Domini
398 3245 444 3314 de
459 3242 629 3340 Pupplito
645 3242 806 3316 rebelles
821 3243 907 3314 facti
924 3253 1012 3316 sunt
1025 3241 1253 3340 imperatori.

236 3341 397 3414 llomani
424 3343 520 3414 lacta
548 3342 585 3412 in
611 3341 833 3414 extrinsecis
861 3341 1113 3414 destructione
1138 3341 1254 3412 Viter-

162 3442 224 3536 bii,
244 3452 281 3513 et
299 3451 451 3539 optento
472 3441 627 3538 pervim
644 3453 768 3514 castro
784 3443 944 3538 quodam
962 3444 1058 3536 quod
1073 3442 1256 3538 Raspam-

162 3534 303 3640 panum
332 3541 463 3613 dicitur
490 3541 580 3638 ipsis
605 3540 897 3614 Viterbiensibus
926 3541 1092 3632 subdito7
1119 3540 1182 3614 leti
1209 3543 1255 3612 ad

163 3641 302 3712 Urbem
327 3642 503 3735 redeunt3
531 3641 664 3736 quibus
691 3641 972 3736 recedentibus,
1000 3640 1254 3720 Viterbienses

163 3741 200 3812 in
230 3738 373 3836 campis
401 3751 522 3812 castra
549 3752 747 3838 ponentes,
776 3765 847 3839 que
866 3753 1027 3839 possunt
1045 3742 1143 3814 mala
1163 3741 1254 3820 irro-

162 3851 254 3938 gant
278 3840 419 3914 circum
438 3840 692 3916 adiacentibus
713 3842 877 3916 castellis
896 3843 1101 3916 fautoribus
1121 3843 1257 3918 Roma·

163 3965 307 4014 norum.

237 4043 369 4115 Mense
396 4041 487 4115 lunii
513 4042 719 4140 imperialis
746 4044 932 4124 exercitus
952 4069 1066 4142 super
1084 4043 1255 4117 dominos

164 4144 209 4214 de
224 4142 394 4241 Pupplito
409 4144 522 4241 vadit⁷
542 4144 674 4242 quibus
690 4143 901 4242 Pupplitum
921 4145 1095 4218 auferunt
1115 4156 1151 4218 et
1166 4169 1257 4216 non-

165 4242 265 4315 nulla
284 4243 354 4316 alia
375 4255 509 4317 castra.
