3352 5026
290 2759 296 2765 -
430 2740 515 2810 qua.
561 2715 710 2788 Factum
729 2718 880 2810 canapis
899 2719 1042 2789 orauino
1062 2719 1250 2789 remittitur
1257 2745 1272 2810 ‚·
1298 2718 1526 2790 vendentibus

435 407 506 480 1¹8
634 400 917 477 RYCCARDUS
944 401 1005 476 DE
1032 401 1067 475 S.
1096 399 1324 476 GERMANO

471 655 472 662 κ
507 603 797 676 bartholomeus
821 603 868 674 de
893 601 1031 675 Sancto
1056 602 1245 674 Germano
1271 604 1398 674 domni
1426 622 1526 702 pape

431 705 690 803 cappellanus,
709 727 806 801 papa
826 706 1028 775 mandante
1043 703 1214 776 Gaietam
1227 702 1329 776 ‹vadit
1343 725 1411 800 pro
1426 727 1527 776 com·

433 806 620 906 positione
646 805 743 876 inter
765 805 1030 900 imperatorem
1059 803 1319 877 et'Gaiotanos
1342 803 1528 901 facienda,

432 919 472 984 at
496 909 653 980 redeant
679 907 724 977 ad
750 902 969 978 fidelitatem
994 903 1135 1002 ipsium
1161 907 1258 1002 quod
1286 929 1371 977 cum
1399 906 1527 979 facere

432 1033 507 1082 non
532 1015 677 1105 posset
704 1015 795 1102 aput
817 1005 996 1078 Sanctum
1026 1006 1254 1078 Herasmum
1280 1006 1461 1102 secessit,
1489 1017 1528 1079 et

432 1111 480 1182 ibi
498 1130 618 1204 osque
637 1108 683 1178 ad
699 1098 915 1178 mandatam
928 1127 1029 1218 pape
1044 1106 1159 1203 elegit
1172 1107 1297 1179 iacere
1313 1107 1525 1180 stationem.

507 1209 638 1280 Mense
662 1205 934 1304 Septembris
925 1215 1086 1304 imperta
1088 1231 1129 1278 or
1155 1206 1318 1280 allellia
1338 1208 1442 1280 venit
1458 1209 1526 1281 Fo

431 1309 551 1407 giam⁷
567 1319 605 1381 et
622 1307 823 1404 generales
840 1331 910 1405 per
923 1317 1041 1380 totum
1056 1331 1214 1404 regnum
1231 1309 1374 1381 litteras
1390 1309 1526 1406 dirigit

433 1413 537 1483 atde
556 1409 720 1506 qualibet
739 1407 887 1482 civitate
914 1403 975 1482 vel
1000 1419 1122 1481 castro
1148 1412 1220 1480 duo
1245 1413 1290 1482 de
1309 1409 1526 1482 melioribus

432 1514 614 1585 accedant
638 1511 721 1582 ad
711 1533 835 1607 ipsum
864 1519 1001 1607 prout
961 1509 1117 1582 militate
1144 1511 1252 1607 regni
1271 1521 1309 1582 et
1328 1514 1525 1584 commodo

430 1611 620 1711 generali⁷
656 1607 843 1706 adquam
871 1633 938 1708 pro
967 1619 1067 1682 terra
1092 1609 1227 1684 Sancti·
1252 1611 1430 1684 Germani
1461 1611 1527 1684 ivit

432 1712 633 1788 Roffridus
638 1713 685 1784 de
703 1711 829 1785 Monte
848 1711 968 1784 miles.

508 1813 667 1885 Fodrum
694 1813 740 1882 de
765 1834 883 1907 regno
908 1811 1012 1883 iussu
1039 1811 1276 1908 imperatoris
1296 1822 1385 1910 aput
1402 1813 1525 1910 Anag

432 1912 533 1984 niam
553 1910 970 1985 arittituraddomnum
989 1933 1140 2010 papam
1205 1957 1208 1965 ι
1287 1957 1290 1966 .

508 2013 645 2084 Mense
667 2011 875 2088 Octobris
866 2037 903 2084 m
931 2012 1069 2086 Sancto
1097 2013 1286 2086 Germano
1312 2013 1526 2087 huiusmodi
1661 2063 1662 2094 s

432 2125 522 2186 sunt
539 2113 755 2210 imperiales
774 2113 911 2186 ascisie
930 2113 1136 2212 publicata.

486 2221 489 2228 ’
508 2215 606 2288 aves
623 2216 659 2289 iu
676 2215 781 2286 terris
799 2235 922 2302 eorum
939 2238 1007 2308 pra
1026 2214 1200 2289 crucibus
1218 2216 1292 2287 suia
1309 2239 1401 2310 quas
1417 2217 1525 2287 iutra-
1661 2217 1662 2266 t

431 2317 566 2388 mittent
585 2316 638 2388 val
655 2314 843 2388 extrabant
858 2313 943 2388 nibil
966 2315 1113 2409 solvent,
1140 2317 1208 2388 nisi
1225 2317 1331 2410 quod.
1347 2316 1429 2388 olim
1456 2316 1526 2388 sol·

432 2416 571 2487 cabant
623 2415 677 2486 De
700 2416 836 2508 pomis,
863 2417 1062 2509 castaneis,
1089 2417 1254 2507 nucibus,
1281 2416 1467 2510 abellanis,
1493 2423 1527 2490 ct

433 2515 515 2588 aliis
538 2515 713 2600 fructibus
730 2517 767 2586 in
784 2516 861 2588 iure
878 2517 975 2588 curie
992 2515 1196 2588 seruabitur
1218 2519 1342 2601 torma
1364 2519 1514 2612 antiqua

431 2615 492 2689 lus
518 2616 698 2688 acriorum
721 2635 790 2710 pra
815 2623 1015 2688 conzatura
1035 2616 1221 2690 dimittitur
1238 2620 1274 2689 iu
1291 2619 1413 2704 forma
1433 2623 1524 2689 autr-

431 2818 568 2909 uiuum,
601 2819 673 2890 sive
701 2816 753 2888 ad
777 2819 949 2890 minutum
976 2819 1048 2892 stuc
1073 2819 1123 2890 ad
1149 2839 1329 2912 crossum,
1362 2817 1449 2890 nibil
1471 2841 1525 2889 re·

430 2919 593 3012 quiritur,
621 2923 674 2988 set
690 2917 727 2988 iu
745 2919 794 2990 eis
811 2917 1014 2990 servabitur
1028 2919 1151 3002 farma
1170 2920 1329 3012 antiqua.
1375 2917 1524 2990 Statura

430 3019 499 3088 crit
513 3019 551 3089 iu
566 3017 732 3112 sandicis,
759 3024 794 3090 ct
816 3017 902 3090 nibil
918 3018 1105 3109 recipietur
1119 3039 1187 3108 pro
1206 3039 1263 3108 ea,
1288 3040 1351 3088 uec
1370 3019 1526 3110 amplius

387 3137 391 3151 ‘
428 3141 497 3210 pro
512 3123 678 3211 cantaro,
698 3140 805 3212 qnam
819 3140 940 3212 praua
953 3116 986 3188 5.
1016 3115 1087 3186 Pro
1100 3113 1283 3186 herbatico
1299 3115 1524 3212 animalium,

378 3213 383 3289 j
431 3216 627 3290 venditione
642 3239 811 3314 equorum
830 3223 865 3288 et
877 3215 1032 3288 aliorum
1050 3213 1257 3288 animalium
1275 3215 1434 3288 similiter
1450 3241 1524 3289 ser·

430 3318 573 3394 trabitur
589 3320 711 3403 forma
731 3319 891 3413 antiqua.
923 3315 952 3390 Α
969 3316 1210 3412 piscatoribus
1222 3316 1307 3390 nihil
1319 3319 1521 3414 requiritur,

430 3421 499 3492 nisi
516 3418 709 3490 secuudum
726 3421 884 3503 formam
904 3418 1100 3513 antiquam.
1150 3415 1221 3488 Pro
1245 3419 1321 3490 iure
1339 3439 1522 3491 mannua·

431 3543 510 3616 rura
529 3519 686 3592 outuolri
702 3525 777 3592 taur
795 3519 834 3590 iu
848 3539 981 3590 sauma
995 3540 1106 3612 quum
1117 3519 1153 3587 iu
1167 3519 1309 3591 taurinis
1322 3519 1524 3590 servabitur

410 3641 411 3644 ’
429 3622 553 3704 torma
572 3621 732 3791 antiqua.
776 3618 829 3690 Dc
847 3621 924 3688 iure
941 3619 1095 3688 casuliai
1110 3618 1262 3690 remissa
1278 3625 1363 3691 sunt
1377 3629 1523 3714 praua·

431 3722 539 3814 3pro
557 3722 714 3813 unricus
716 3725 755 3791 ta
779 3717 876 3814 quod
895 3716 1155 3789 rrrcraatoribus
1180 3721 1239 3812 qui
1256 3725 1361 3792 eruat
1381 3741 1449 3813 pro
1472 3719 1522 3791 cis

427 3821 672 3916 providebitur
689 3845 712 3890 a
731 3818 936 3892 custodibus
952 3817 1137 3903 tundiriun
1149 3817 1246 3890 lectis
1248 3819 1524 3912 ,turutuautus

427 3916 539 4016 polea
555 3928 589 3992 et
605 3921 719 4015 lipnis
772 3918 862 3992 De
849 3937 924 3990 turc
943 3915 1228 3992 buscerioruru⁵²
1256 3943 1325 4014 pro
1352 3920 1438 3992 boae
1470 3919 1525 3990 oei

430 4045 545 4094 vacca
564 4023 746 4098 remittunt
746 4045 790 4094 ur
806 4037 925 4113 praua
944 4021 1027 4113 tria,
1047 4042 1116 4113 pro
1136 4021 1228 4090 arist
1228 4043 1246 4090 e
1262 4038 1385 4113 praeut
1402 4020 1424 4093 2
1426 4043 1524 4114 ‚pro

431 4144 529 4215 aprio
552 4145 676 4216 praua
697 4122 731 4196 2.
785 4119 838 4192 Dc
869 4121 1010 4193 beminis
1041 4126 1075 4190 et
1103 4116 1291 4192 suadellis
1321 4073 1526 4192 seruabitur

431 4245 456 4315 a)
475 4241 493 4316 ξ
511 4262 533 4298 0.
607 4245 634 4316 s)
654 4246 764 4301 sasas
784 4263 807 4300 c.
867 4232 868 4235 ‘
1225 4238 1523 4320 sirmiensium.

1564 2397 1571 2405 μ

1503 2619 1510 2634 0
