<?xml version="1.0" encoding="UTF-8"?>
<!DOCTYPE html PUBLIC "-//W3C//DTD XHTML 1.0 Transitional//EN"
    "http://www.w3.org/TR/xhtml1/DTD/xhtml1-transitional.dtd">
<html xmlns="http://www.w3.org/1999/xhtml" xml:lang="en" lang="en">
 <head>
  <title>
</title>
<meta http-equiv="Content-Type" content="text/html;charset=utf-8" />
  <meta name='ocr-system' content='tesseract 3.04.00' />
  <meta name='ocr-capabilities' content='ocr_page ocr_carea ocr_par ocr_line ocrx_word'/>
</head>
<body>
  <div class='ocr_page' id='page_1' title='image "./ryccardidesanct00ricagoog_0152.png"; bbox 0 0 3352 5026; ppageno 0'>
   <div class='ocr_carea' id='block_1_1' title="bbox 436 435 1328 514">
    <p class='ocr_par' dir='ltr' id='par_1_1' title="bbox 436 435 1328 514">
     <span class='ocr_line' id='line_1_1' title="bbox 436 435 1328 514; baseline 0 -4"><span class='ocrx_word' id='word_1_1' title='bbox 436 439 505 514; x_wconf 80' lang='lat'><strong>134</strong></span> <span class='ocrx_word' id='word_1_2' title='bbox 633 435 915 510; x_wconf 87' lang='lat' dir='ltr'><strong>RYCCARDUS</strong></span> <span class='ocrx_word' id='word_1_3' title='bbox 942 435 1004 508; x_wconf 87' lang='lat' dir='ltr'><strong>DE</strong></span> <span class='ocrx_word' id='word_1_4' title='bbox 1033 435 1069 509; x_wconf 89' lang='lat' dir='ltr'><strong>S.</strong></span> <span class='ocrx_word' id='word_1_5' title='bbox 1098 437 1328 510; x_wconf 86' lang='lat' dir='ltr'><strong>GERMANO</strong></span> 
     </span>
    </p>
   </div>
   <div class='ocr_carea' id='block_1_2' title="bbox 402 637 1529 1620">
    <p class='ocr_par' dir='ltr' id='par_1_2' title="bbox 402 637 1529 1340">
     <span class='ocr_line' id='line_1_2' title="bbox 432 637 1528 736; baseline -0.002 -22"><span class='ocrx_word' id='word_1_6' title='bbox 432 641 611 714; x_wconf 84' lang='lat' dir='ltr'>audacter</span> <span class='ocrx_word' id='word_1_7' title='bbox 628 661 701 710; x_wconf 93' lang='lat' dir='ltr'><strong>non</strong></span> <span class='ocrx_word' id='word_1_8' title='bbox 718 637 842 710; x_wconf 87' lang='lat' dir='ltr'><strong>minus</strong></span> <span class='ocrx_word' id='word_1_9' title='bbox 857 661 971 734; x_wconf 89' lang='lat' dir='ltr'><strong>quam</strong></span> <span class='ocrx_word' id='word_1_10' title='bbox 985 647 1160 736; x_wconf 90' lang='lat' dir='ltr'><strong>potenter</strong></span> <span class='ocrx_word' id='word_1_11' title='bbox 1174 638 1370 732; x_wconf 71' lang='lat' dir='ltr'><strong>invadens,</strong></span> <span class='ocrx_word' id='word_1_12' title='bbox 1390 638 1528 712; x_wconf 90' lang='lat' dir='ltr'><strong>devicit</strong></span> 
     </span>
     <span class='ocr_line' id='line_1_3' title="bbox 431 737 1527 838; baseline -0.001 -25"><span class='ocrx_word' id='word_1_13' title='bbox 431 741 469 813; x_wconf 92' lang='lat' dir='ltr'><strong>in</strong></span> <span class='ocrx_word' id='word_1_14' title='bbox 496 761 645 837; x_wconf 72' lang='lat' dir='ltr'><strong>campo,</strong></span> <span class='ocrx_word' id='word_1_15' title='bbox 672 747 710 810; x_wconf 91' lang='lat' dir='ltr'><strong>et</strong></span> <span class='ocrx_word' id='word_1_16' title='bbox 739 761 784 810; x_wconf 89' lang='lat' dir='ltr'><strong>ex</strong></span> <span class='ocrx_word' id='word_1_17' title='bbox 810 737 904 836; x_wconf 93' lang='lat' dir='ltr'><strong>ipsis</strong></span> <span class='ocrx_word' id='word_1_18' title='bbox 932 748 1100 835; x_wconf 90' lang='lat' dir='ltr'><strong>stragem</strong></span> <span class='ocrx_word' id='word_1_19' title='bbox 1126 763 1200 811; x_wconf 89' lang='lat' dir='ltr'><strong>non</strong></span> <span class='ocrx_word' id='word_1_20' title='bbox 1221 739 1407 812; x_wconf 85' lang='lat' dir='ltr'>modicam</span> <span class='ocrx_word' id='word_1_21' title='bbox 1426 740 1527 838; x_wconf 78' lang='lat' dir='ltr'><strong>fecit,</strong></span> 
     </span>
     <span class='ocr_line' id='line_1_4' title="bbox 433 839 1529 937; baseline -0.002 -22"><span class='ocrx_word' id='word_1_22' title='bbox 433 851 471 915; x_wconf 92' lang='lat' dir='ltr'><strong>et</strong></span> <span class='ocrx_word' id='word_1_23' title='bbox 495 839 695 912; x_wconf 91' lang='lat' dir='ltr'><strong>nonnullos</strong></span> <span class='ocrx_word' id='word_1_24' title='bbox 724 839 823 937; x_wconf 91' lang='lat' dir='ltr'><strong>cepit</strong></span> <span class='ocrx_word' id='word_1_25' title='bbox 846 849 884 911; x_wconf 87' lang='lat' dir='ltr'><strong>et</strong></span> <span class='ocrx_word' id='word_1_26' title='bbox 903 839 1070 937; x_wconf 88' lang='lat' dir='ltr'><strong>captivos</strong></span> <span class='ocrx_word' id='word_1_27' title='bbox 1091 841 1318 914; x_wconf 83' lang='lat' dir='ltr'><strong>Cremonam</strong></span> <span class='ocrx_word' id='word_1_28' title='bbox 1337 840 1450 934; x_wconf 79' lang='lat' dir='ltr'><strong>duxit,</strong></span> <span class='ocrx_word' id='word_1_29' title='bbox 1476 841 1529 914; x_wconf 90' lang='lat' dir='ltr'><strong>ita</strong></span> 
     </span>
     <span class='ocr_line' id='line_1_5' title="bbox 432 939 1527 1040; baseline 0.001 -26"><span class='ocrx_word' id='word_1_30' title='bbox 432 943 531 1040; x_wconf 94' lang='lat' dir='ltr'><strong>quod</strong></span> <span class='ocrx_word' id='word_1_31' title='bbox 549 941 647 1013; x_wconf 90' lang='lat' dir='ltr'><strong>inter</strong></span> <span class='ocrx_word' id='word_1_32' title='bbox 665 939 770 1014; x_wconf 92' lang='lat' dir='ltr'><strong>vivos</strong></span> <span class='ocrx_word' id='word_1_33' title='bbox 797 951 835 1012; x_wconf 88' lang='lat' dir='ltr'><strong>et</strong></span> <span class='ocrx_word' id='word_1_34' title='bbox 859 951 1027 1013; x_wconf 90' lang='lat' dir='ltr'><strong>mortuos</strong></span> <span class='ocrx_word' id='word_1_35' title='bbox 1053 943 1098 1012; x_wconf 91' lang='lat' dir='ltr'><strong>ad</strong></span> <span class='ocrx_word' id='word_1_36' title='bbox 1121 942 1253 1013; x_wconf 92' lang='lat' dir='ltr'><strong>decem</strong></span> <span class='ocrx_word' id='word_1_37' title='bbox 1272 941 1351 1012; x_wconf 84' lang='lat' dir='ltr'><strong>fere</strong></span> <span class='ocrx_word' id='word_1_38' title='bbox 1369 941 1527 1015; x_wconf 91' lang='lat' dir='ltr'><strong>millium</strong></span> 
     </span>
     <span class='ocr_line' id='line_1_6' title="bbox 432 1040 1527 1140; baseline 0 -25"><span class='ocrx_word' id='word_1_39' title='bbox 432 1065 631 1115; x_wconf 90' lang='lat' dir='ltr'><strong>numerum</strong></span> <span class='ocrx_word' id='word_1_40' title='bbox 659 1050 933 1138; x_wconf 88' lang='lat' dir='ltr'><strong>computantur.</strong></span> <span class='ocrx_word' id='word_1_41' title='bbox 982 1041 1085 1112; x_wconf 90' lang='lat' dir='ltr'><strong>Tunc</strong></span> <span class='ocrx_word' id='word_1_42' title='bbox 1111 1040 1224 1112; x_wconf 90' lang='lat' dir='ltr'><strong>etiam</strong></span> <span class='ocrx_word' id='word_1_43' title='bbox 1242 1041 1442 1114; x_wconf 84' lang='lat' dir='ltr'>Mediolani</span> <span class='ocrx_word' id='word_1_44' title='bbox 1460 1067 1527 1140; x_wconf 96' lang='lat' dir='ltr'><strong>po-</strong></span> 
     </span>
     <span class='ocr_line' id='line_1_7' title="bbox 402 1139 1528 1238; baseline 0 -22"><span class='ocrx_word' id='word_1_45' title='bbox 402 1155 403 1158; x_wconf 76' lang='grc'>’</span> <span class='ocrx_word' id='word_1_46' title='bbox 431 1153 549 1216; x_wconf 85' lang='lat' dir='ltr'><strong>testas</strong></span> <span class='ocrx_word' id='word_1_47' title='bbox 569 1139 667 1214; x_wconf 89' lang='lat' dir='ltr'><strong>lilius</strong></span> <span class='ocrx_word' id='word_1_48' title='bbox 686 1141 790 1214; x_wconf 90' lang='lat' dir='ltr'><strong>ducis</strong></span> <span class='ocrx_word' id='word_1_49' title='bbox 808 1141 993 1213; x_wconf 91' lang='lat' dir='ltr'><strong>Venetum</strong></span> <span class='ocrx_word' id='word_1_50' title='bbox 1013 1151 1144 1238; x_wconf 89' lang='lat' dir='ltr'><strong>eaptus</strong></span> <span class='ocrx_word' id='word_1_51' title='bbox 1165 1152 1233 1214; x_wconf 90' lang='lat' dir='ltr'><strong>est.</strong></span> <span class='ocrx_word' id='word_1_52' title='bbox 1285 1141 1464 1215; x_wconf 80' lang='lat' dir='ltr'><strong>Similiter</strong></span> <span class='ocrx_word' id='word_1_53' title='bbox 1490 1154 1528 1216; x_wconf 92' lang='lat' dir='ltr'><strong>et</strong></span> 
     </span>
     <span class='ocr_line' id='line_1_8' title="bbox 433 1241 1220 1340; baseline -0.003 -24"><span class='ocrx_word' id='word_1_54' title='bbox 433 1242 669 1316; x_wconf 89' lang='lat' dir='ltr'><strong>carrochium</strong></span> <span class='ocrx_word' id='word_1_55' title='bbox 690 1241 788 1340; x_wconf 91' lang='lat' dir='ltr'><strong>cepit</strong></span> <span class='ocrx_word' id='word_1_56' title='bbox 806 1251 844 1313; x_wconf 94' lang='lat' dir='ltr'><strong>et</strong></span> <span class='ocrx_word' id='word_1_57' title='bbox 862 1243 1089 1316; x_wconf 84' lang='lat' dir='ltr'><strong>Cremonam</strong></span> <span class='ocrx_word' id='word_1_58' title='bbox 1108 1242 1220 1314; x_wconf 89' lang='lat' dir='ltr'><strong>duxit.</strong></span> 
     </span>
    </p>

    <p class='ocr_par' dir='ltr' id='par_1_3' title="bbox 433 1342 1526 1620">
     <span class='ocr_line' id='line_1_9' title="bbox 505 1342 1526 1441; baseline -0.001 -24"><span class='ocrx_word' id='word_1_59' title='bbox 505 1345 637 1417; x_wconf 87' lang='lat' dir='ltr'><strong>Mense</strong></span> <span class='ocrx_word' id='word_1_60' title='bbox 665 1342 884 1416; x_wconf 86' lang='lat' dir='ltr'><strong>Decembris</strong></span> <span class='ocrx_word' id='word_1_61' title='bbox 911 1343 1038 1415; x_wconf 88' lang='lat' dir='ltr'><strong>Lauda</strong></span> <span class='ocrx_word' id='word_1_62' title='bbox 1056 1343 1126 1440; x_wconf 93' lang='lat' dir='ltr'><strong>ipsi</strong></span> <span class='ocrx_word' id='word_1_63' title='bbox 1146 1343 1363 1441; x_wconf 89' lang='lat' dir='ltr'><strong>imperatori</strong></span> <span class='ocrx_word' id='word_1_64' title='bbox 1382 1367 1425 1416; x_wconf 91' lang='lat' dir='ltr'><strong>se</strong></span> <span class='ocrx_word' id='word_1_65' title='bbox 1444 1347 1526 1416; x_wconf 88' lang='lat' dir='ltr'><strong>red·</strong></span> 
     </span>
     <span class='ocr_line' id='line_1_10' title="bbox 433 1442 1526 1542; baseline 0 -25"><span class='ocrx_word' id='word_1_66' title='bbox 433 1443 535 1542; x_wconf 74' lang='lat' dir='ltr'><strong>didit,</strong></span> <span class='ocrx_word' id='word_1_67' title='bbox 563 1455 600 1518; x_wconf 92' lang='lat' dir='ltr'><strong>et</strong></span> <span class='ocrx_word' id='word_1_68' title='bbox 625 1443 674 1518; x_wconf 90' lang='lat' dir='ltr'><strong>ibi</strong></span> <span class='ocrx_word' id='word_1_69' title='bbox 702 1443 826 1516; x_wconf 90' lang='lat' dir='ltr'><strong>natale</strong></span> <span class='ocrx_word' id='word_1_70' title='bbox 853 1442 1002 1516; x_wconf 87' lang='lat' dir='ltr'><strong>Domini</strong></span> <span class='ocrx_word' id='word_1_71' title='bbox 1022 1467 1108 1516; x_wconf 90' lang='lat' dir='ltr'><strong>cum</strong></span> <span class='ocrx_word' id='word_1_72' title='bbox 1127 1443 1230 1516; x_wconf 93' lang='lat' dir='ltr'><strong>omni</strong></span> <span class='ocrx_word' id='word_1_73' title='bbox 1247 1443 1407 1542; x_wconf 91' lang='lat' dir='ltr'><strong>tripudio</strong></span> <span class='ocrx_word' id='word_1_74' title='bbox 1427 1445 1526 1517; x_wconf 90' lang='lat' dir='ltr'><strong>cele·</strong></span> 
     </span>
     <span class='ocr_line' id='line_1_11' title="bbox 433 1544 564 1620; baseline -0.015 0"><span class='ocrx_word' id='word_1_75' title='bbox 433 1544 564 1620; x_wconf 78' lang='lat' dir='ltr'><strong>brevit.</strong></span> 
     </span>
    </p>
   </div>
   <div class='ocr_carea' id='block_1_3' title="bbox 918 1695 1042 1786">
    <p class='ocr_par' dir='ltr' id='par_1_4' title="bbox 918 1695 1042 1786">
     <span class='ocr_line' id='line_1_12' title="bbox 918 1695 1042 1786; baseline 0 -2"><span class='ocrx_word' id='word_1_76' title='bbox 918 1695 1042 1786; x_wconf 84' lang='lat'><strong>1238.</strong></span> 
     </span>
    </p>
   </div>
   <div class='ocr_carea' id='block_1_4' title="bbox 431 1831 1526 2514">
    <p class='ocr_par' dir='ltr' id='par_1_5' title="bbox 431 1831 1526 2514">
     <span class='ocr_line' id='line_1_13' title="bbox 507 1831 1526 1932; baseline -0.003 -25"><span class='ocrx_word' id='word_1_77' title='bbox 507 1835 639 1907; x_wconf 88' lang='lat' dir='ltr'><strong>Mense</strong></span> <span class='ocrx_word' id='word_1_78' title='bbox 653 1833 813 1906; x_wconf 91' lang='lat' dir='ltr'><strong>lanuarii</strong></span> <span class='ocrx_word' id='word_1_79' title='bbox 827 1831 1010 1907; x_wconf 89' lang='lat' dir='ltr'><strong>Henricus</strong></span> <span class='ocrx_word' id='word_1_80' title='bbox 1031 1836 1077 1906; x_wconf 96' lang='lat' dir='ltr'><strong>de</strong></span> <span class='ocrx_word' id='word_1_81' title='bbox 1091 1832 1213 1906; x_wconf 88' lang='lat' dir='ltr'><strong>blorro</strong></span> <span class='ocrx_word' id='word_1_82' title='bbox 1229 1833 1411 1932; x_wconf 89' lang='lat' dir='ltr'><strong>magister</strong></span> <span class='ocrx_word' id='word_1_83' title='bbox 1424 1832 1526 1906; x_wconf 91' lang='lat' dir='ltr'><strong>iusti-</strong></span> 
     </span>
     <span class='ocr_line' id='line_1_14' title="bbox 431 1933 1525 2032; baseline -0.004 -23"><span class='ocrx_word' id='word_1_84' title='bbox 431 1935 562 2009; x_wconf 90' lang='lat' dir='ltr'><strong>tiarius</strong></span> <span class='ocrx_word' id='word_1_85' title='bbox 582 1938 628 2008; x_wconf 91' lang='lat' dir='ltr'><strong>de</strong></span> <span class='ocrx_word' id='word_1_86' title='bbox 645 1935 867 2007; x_wconf 90' lang='lat' dir='ltr'><strong>Lombardia</strong></span> <span class='ocrx_word' id='word_1_87' title='bbox 885 1933 981 2008; x_wconf 92' lang='lat' dir='ltr'><strong>redit</strong></span> <span class='ocrx_word' id='word_1_88' title='bbox 998 1935 1035 2006; x_wconf 93' lang='lat' dir='ltr'><strong>in</strong></span> <span class='ocrx_word' id='word_1_89' title='bbox 1054 1958 1227 2032; x_wconf 68' lang='lat' dir='ltr'><strong>regnum,</strong></span> <span class='ocrx_word' id='word_1_90' title='bbox 1247 1945 1286 2007; x_wconf 88' lang='lat' dir='ltr'><strong>et</strong></span> <span class='ocrx_word' id='word_1_91' title='bbox 1302 1945 1392 2007; x_wconf 91' lang='lat' dir='ltr'><strong>tunc</strong></span> <span class='ocrx_word' id='word_1_92' title='bbox 1409 1959 1525 2031; x_wconf 85' lang='lat' dir='ltr'><strong>gene·</strong></span> 
     </span>
     <span class='ocr_line' id='line_1_15' title="bbox 432 2035 1526 2134; baseline -0.003 -24"><span class='ocrx_word' id='word_1_93' title='bbox 432 2035 523 2110; x_wconf 90' lang='lat' dir='ltr'><strong>ralis</strong></span> <span class='ocrx_word' id='word_1_94' title='bbox 549 2035 705 2109; x_wconf 89' lang='lat' dir='ltr'><strong>collecta</strong></span> <span class='ocrx_word' id='word_1_95' title='bbox 732 2059 801 2133; x_wconf 89' lang='lat' dir='ltr'><strong>per</strong></span> <span class='ocrx_word' id='word_1_96' title='bbox 825 2045 944 2108; x_wconf 90' lang='lat' dir='ltr'><strong>totum</strong></span> <span class='ocrx_word' id='word_1_97' title='bbox 971 2059 1131 2132; x_wconf 89' lang='lat' dir='ltr'><strong>regnum</strong></span> <span class='ocrx_word' id='word_1_98' title='bbox 1150 2035 1353 2134; x_wconf 86' lang='lat' dir='ltr'><strong>imponitur</strong></span> <span class='ocrx_word' id='word_1_99' title='bbox 1372 2045 1409 2108; x_wconf 89' lang='lat' dir='ltr'><strong>et</strong></span> <span class='ocrx_word' id='word_1_100' title='bbox 1427 2035 1526 2108; x_wconf 90' lang='lat' dir='ltr'><strong>colli·</strong></span> 
     </span>
     <span class='ocr_line' id='line_1_16' title="bbox 433 2135 1525 2235; baseline -0.001 -26"><span class='ocrx_word' id='word_1_101' title='bbox 433 2137 542 2235; x_wconf 89' lang='lat' dir='ltr'><strong>gitur.</strong></span> <span class='ocrx_word' id='word_1_102' title='bbox 587 2139 796 2235; x_wconf 87' lang='lat' dir='ltr'><strong>Imperator</strong></span> <span class='ocrx_word' id='word_1_103' title='bbox 813 2136 850 2208; x_wconf 95' lang='lat' dir='ltr'><strong>in</strong></span> <span class='ocrx_word' id='word_1_104' title='bbox 868 2135 1130 2209; x_wconf 89' lang='lat' dir='ltr'><strong>Alamanniam</strong></span> <span class='ocrx_word' id='word_1_105' title='bbox 1149 2147 1307 2234; x_wconf 76' lang='lat' dir='ltr'><strong>remeat,</strong></span> <span class='ocrx_word' id='word_1_106' title='bbox 1335 2147 1372 2209; x_wconf 90' lang='lat' dir='ltr'><strong>et</strong></span> <span class='ocrx_word' id='word_1_107' title='bbox 1390 2135 1439 2210; x_wconf 91' lang='lat' dir='ltr'><strong>ibi</strong></span> <span class='ocrx_word' id='word_1_108' title='bbox 1457 2160 1525 2234; x_wconf 87' lang='lat' dir='ltr'><strong>pro</strong></span> 
     </span>
     <span class='ocr_line' id='line_1_17' title="bbox 432 2237 1525 2335; baseline -0.003 -24"><span class='ocrx_word' id='word_1_109' title='bbox 432 2239 531 2311; x_wconf 91' lang='lat' dir='ltr'><strong>facto</strong></span> <span class='ocrx_word' id='word_1_110' title='bbox 558 2237 780 2311; x_wconf 88' lang='lat' dir='ltr'><strong>Lombardie</strong></span> <span class='ocrx_word' id='word_1_111' title='bbox 806 2237 1011 2310; x_wconf 90' lang='lat' dir='ltr'><strong>exercitum</strong></span> <span class='ocrx_word' id='word_1_112' title='bbox 1039 2247 1264 2334; x_wconf 69' lang='lat' dir='ltr'><strong>congregat,</strong></span> <span class='ocrx_word' id='word_1_113' title='bbox 1300 2237 1525 2335; x_wconf 88' lang='lat' dir='ltr'><strong>magistrum</strong></span> 
     </span>
     <span class='ocr_line' id='line_1_18' title="bbox 434 2337 1526 2436; baseline -0.002 -24"><span class='ocrx_word' id='word_1_114' title='bbox 434 2341 567 2412; x_wconf 89' lang='lat' dir='ltr'><strong>domus</strong></span> <span class='ocrx_word' id='word_1_115' title='bbox 581 2339 876 2412; x_wconf 85' lang='lat' dir='ltr'><strong>Alamannorum</strong></span> <span class='ocrx_word' id='word_1_116' title='bbox 894 2338 989 2410; x_wconf 92' lang='lat' dir='ltr'><strong>ultra</strong></span> <span class='ocrx_word' id='word_1_117' title='bbox 1008 2348 1158 2411; x_wconf 89' lang='lat' dir='ltr'><strong>montes</strong></span> <span class='ocrx_word' id='word_1_118' title='bbox 1178 2337 1302 2435; x_wconf 85' lang='lat' dir='ltr'><strong>dirigit</strong></span> <span class='ocrx_word' id='word_1_119' title='bbox 1318 2363 1385 2436; x_wconf 92' lang='lat' dir='ltr'><strong>pro</strong></span> <span class='ocrx_word' id='word_1_120' title='bbox 1405 2338 1526 2412; x_wconf 91' lang='lat' dir='ltr'><strong>solda-</strong></span> 
     </span>
     <span class='ocr_line' id='line_1_19' title="bbox 433 2438 732 2514; baseline -0.007 -2"><span class='ocrx_word' id='word_1_121' title='bbox 433 2441 497 2514; x_wconf 92' lang='lat' dir='ltr'><strong>riis</strong></span> <span class='ocrx_word' id='word_1_122' title='bbox 516 2438 732 2512; x_wconf 87' lang='lat' dir='ltr'><strong>retinendis.</strong></span> 
     </span>
    </p>
   </div>
   <div class='ocr_carea' id='block_1_5' title="bbox 508 2538 1525 2638">
    <p class='ocr_par' dir='ltr' id='par_1_6' title="bbox 508 2523 1662 2638">
     <span class='ocr_line' id='line_1_20' title="bbox 508 2538 1525 2638; baseline -0.003 -27"><span class='ocrx_word' id='word_1_123' title='bbox 508 2541 639 2612; x_wconf 91' lang='lat' dir='ltr'><strong>Mense</strong></span> <span class='ocrx_word' id='word_1_124' title='bbox 653 2539 799 2638; x_wconf 89' lang='lat' dir='ltr'><strong>Aprelis</strong></span> <span class='ocrx_word' id='word_1_125' title='bbox 819 2539 901 2636; x_wconf 91' lang='lat' dir='ltr'><strong>ipse</strong></span> <span class='ocrx_word' id='word_1_126' title='bbox 919 2539 1124 2636; x_wconf 91' lang='lat' dir='ltr'><strong>imperator</strong></span> <span class='ocrx_word' id='word_1_127' title='bbox 1139 2539 1176 2611; x_wconf 93' lang='lat' dir='ltr'><strong>in</strong></span> <span class='ocrx_word' id='word_1_128' title='bbox 1190 2538 1454 2613; x_wconf 90' lang='lat' dir='ltr'><strong>Lombardiam</strong></span> <span class='ocrx_word' id='word_1_129' title='bbox 1468 2562 1525 2610; x_wconf 91' lang='lat' dir='ltr'><strong>re·</strong></span> 
     </span>
    </p>
   </div>
   <div class='ocr_carea' id='block_1_6' title="bbox 429 2639 1526 3444">
    <p class='ocr_par' dir='ltr' id='par_1_7' title="bbox 431 2639 1526 3042">
     <span class='ocr_line' id='line_1_21' title="bbox 434 2639 1526 2739; baseline -0.004 -25"><span class='ocrx_word' id='word_1_130' title='bbox 434 2639 502 2737; x_wconf 70' lang='lat' dir='ltr'><strong>dit,</strong></span> <span class='ocrx_word' id='word_1_131' title='bbox 532 2650 569 2713; x_wconf 87' lang='lat' dir='ltr'><strong>et</strong></span> <span class='ocrx_word' id='word_1_132' title='bbox 593 2651 682 2739; x_wconf 92' lang='lat' dir='ltr'><strong>aput</strong></span> <span class='ocrx_word' id='word_1_133' title='bbox 706 2643 893 2712; x_wconf 88' lang='lat' dir='ltr'><strong>Veronam</strong></span> <span class='ocrx_word' id='word_1_134' title='bbox 920 2641 1133 2714; x_wconf 84' lang='lat' dir='ltr'><strong>Conradum</strong></span> <span class='ocrx_word' id='word_1_135' title='bbox 1157 2640 1272 2712; x_wconf 89' lang='lat' dir='ltr'><strong>lilium</strong></span> <span class='ocrx_word' id='word_1_136' title='bbox 1300 2665 1410 2713; x_wconf 89' lang='lat' dir='ltr'><strong>suum</strong></span> <span class='ocrx_word' id='word_1_137' title='bbox 1438 2664 1526 2712; x_wconf 93' lang='lat' dir='ltr'><strong>cum</strong></span> 
     </span>
     <span class='ocr_line' id='line_1_22' title="bbox 431 2740 1525 2840; baseline -0.003 -27"><span class='ocrx_word' id='word_1_138' title='bbox 431 2740 659 2840; x_wconf 90' lang='lat' dir='ltr'><strong>principibus</strong></span> <span class='ocrx_word' id='word_1_139' title='bbox 685 2740 833 2839; x_wconf 90' lang='lat' dir='ltr'><strong>imperii</strong></span> <span class='ocrx_word' id='word_1_140' title='bbox 860 2751 898 2814; x_wconf 88' lang='lat' dir='ltr'><strong>et</strong></span> <span class='ocrx_word' id='word_1_141' title='bbox 925 2741 1077 2838; x_wconf 91' lang='lat' dir='ltr'><strong>copioso</strong></span> <span class='ocrx_word' id='word_1_142' title='bbox 1103 2741 1267 2814; x_wconf 90' lang='lat' dir='ltr'><strong>exercitu</strong></span> <span class='ocrx_word' id='word_1_143' title='bbox 1286 2741 1525 2840; x_wconf 87' lang='lat' dir='ltr'><strong>prestolatur.</strong></span> 
     </span>
     <span class='ocr_line' id='line_1_23' title="bbox 433 2841 1524 2941; baseline -0.005 -23"><span class='ocrx_word' id='word_1_144' title='bbox 433 2843 677 2918; x_wconf 91' lang='lat' dir='ltr'><strong>Carrocbium</strong></span> <span class='ocrx_word' id='word_1_145' title='bbox 713 2853 865 2941; x_wconf 90' lang='lat' dir='ltr'><strong>captum</strong></span> <span class='ocrx_word' id='word_1_146' title='bbox 894 2843 1054 2916; x_wconf 87' lang='lat' dir='ltr'><strong>Romam</strong></span> <span class='ocrx_word' id='word_1_147' title='bbox 1090 2841 1214 2939; x_wconf 81' lang='lat' dir='ltr'><strong>dirigit</strong></span> <span class='ocrx_word' id='word_1_148' title='bbox 1248 2843 1454 2940; x_wconf 87' lang='lat' dir='ltr'><strong>imperator</strong></span> <span class='ocrx_word' id='word_1_149' title='bbox 1487 2841 1524 2912; x_wconf 96' lang='lat' dir='ltr'><strong>in</strong></span> 
     </span>
     <span class='ocr_line' id='line_1_24' title="bbox 432 2942 767 3042; baseline -0.003 -26"><span class='ocrx_word' id='word_1_150' title='bbox 432 2943 584 3042; x_wconf 87' lang='lat' dir='ltr'><strong>signum</strong></span> <span class='ocrx_word' id='word_1_151' title='bbox 602 2942 767 3016; x_wconf 81' lang='lat' dir='ltr'><strong>victorie.</strong></span> 
     </span>
    </p>

    <p class='ocr_par' dir='ltr' id='par_1_8' title="bbox 429 3042 1525 3444">
     <span class='ocr_line' id='line_1_25' title="bbox 507 3042 1524 3141; baseline 0 -27"><span class='ocrx_word' id='word_1_152' title='bbox 507 3045 638 3115; x_wconf 88' lang='lat' dir='ltr'><strong>Mense</strong></span> <span class='ocrx_word' id='word_1_153' title='bbox 652 3043 769 3115; x_wconf 62' lang='lat' dir='ltr'><strong>bladii,</strong></span> <span class='ocrx_word' id='word_1_154' title='bbox 781 3042 986 3140; x_wconf 87' lang='lat' dir='ltr'><strong>imperator</strong></span> <span class='ocrx_word' id='word_1_155' title='bbox 998 3042 1081 3141; x_wconf 85' lang='lat' dir='ltr'><strong>ipse</strong></span> <span class='ocrx_word' id='word_1_156' title='bbox 1095 3053 1206 3116; x_wconf 91' lang='lat' dir='ltr'><strong>vocat</strong></span> <span class='ocrx_word' id='word_1_157' title='bbox 1220 3046 1265 3116; x_wconf 93' lang='lat' dir='ltr'><strong>ad</strong></span> <span class='ocrx_word' id='word_1_158' title='bbox 1281 3067 1323 3118; x_wconf 91' lang='lat' dir='ltr'><strong>se</strong></span> <span class='ocrx_word' id='word_1_159' title='bbox 1338 3043 1524 3116; x_wconf 83' lang='lat' dir='ltr'><strong>Thomam</strong></span> 
     </span>
     <span class='ocr_line' id='line_1_26' title="bbox 432 3142 1524 3241; baseline 0 -25"><span class='ocrx_word' id='word_1_160' title='bbox 432 3145 478 3216; x_wconf 89' lang='lat' dir='ltr'><strong>de</strong></span> <span class='ocrx_word' id='word_1_161' title='bbox 508 3142 653 3241; x_wconf 87' lang='lat' dir='ltr'><strong>Aquino</strong></span> <span class='ocrx_word' id='word_1_162' title='bbox 684 3145 910 3215; x_wconf 89' lang='lat' dir='ltr'><strong>Acerrarum</strong></span> <span class='ocrx_word' id='word_1_163' title='bbox 940 3143 1136 3239; x_wconf 67' lang='lat' dir='ltr'><strong>comitem,</strong></span> <span class='ocrx_word' id='word_1_164' title='bbox 1176 3155 1214 3216; x_wconf 95' lang='lat' dir='ltr'><strong>et</strong></span> <span class='ocrx_word' id='word_1_165' title='bbox 1243 3143 1443 3218; x_wconf 90' lang='lat' dir='ltr'><strong>Henricum</strong></span> <span class='ocrx_word' id='word_1_166' title='bbox 1475 3147 1524 3216; x_wconf 90' lang='lat' dir='ltr'><strong>de</strong></span> 
     </span>
     <span class='ocr_line' id='line_1_27' title="bbox 429 3242 1525 3341; baseline -0.001 -24"><span class='ocrx_word' id='word_1_167' title='bbox 429 3244 553 3317; x_wconf 86' lang='lat' dir='ltr'><strong>Murro</strong></span> <span class='ocrx_word' id='word_1_168' title='bbox 573 3242 795 3341; x_wconf 89' lang='lat' dir='ltr'><strong>magistrum</strong></span> <span class='ocrx_word' id='word_1_169' title='bbox 814 3243 1071 3340; x_wconf 74' lang='lat' dir='ltr'><strong>iustitiariurn⁷</strong></span> <span class='ocrx_word' id='word_1_170' title='bbox 1097 3254 1134 3316; x_wconf 89' lang='lat' dir='ltr'><strong>et</strong></span> <span class='ocrx_word' id='word_1_171' title='bbox 1152 3268 1286 3319; x_wconf 86' lang='lat' dir='ltr'><strong>omnes</strong></span> <span class='ocrx_word' id='word_1_172' title='bbox 1306 3249 1466 3320; x_wconf 90' lang='lat' dir='ltr'><strong>barones</strong></span> <span class='ocrx_word' id='word_1_173' title='bbox 1486 3255 1525 3316; x_wconf 88' lang='lat' dir='ltr'><strong>et</strong></span> 
     </span>
     <span class='ocr_line' id='line_1_28' title="bbox 430 3344 1522 3444; baseline 0 -26"><span class='ocrx_word' id='word_1_174' title='bbox 430 3344 569 3418; x_wconf 90' lang='lat' dir='ltr'><strong>milites</strong></span> <span class='ocrx_word' id='word_1_175' title='bbox 593 3345 825 3441; x_wconf 78' lang='lat' dir='ltr'><strong>infeudatos5</strong></span> <span class='ocrx_word' id='word_1_176' title='bbox 852 3369 1011 3443; x_wconf 87' lang='lat' dir='ltr'><strong>quorum</strong></span> <span class='ocrx_word' id='word_1_177' title='bbox 1036 3346 1249 3443; x_wconf 71' lang='lat' dir='ltr'><strong>nonnullos,</strong></span> <span class='ocrx_word' id='word_1_178' title='bbox 1275 3345 1376 3418; x_wconf 90' lang='lat' dir='ltr'><strong>iuxta</strong></span> <span class='ocrx_word' id='word_1_179' title='bbox 1403 3345 1522 3444; x_wconf 90' lang='lat' dir='ltr'><strong>ipsius</strong></span> 
     </span>
    </p>
   </div>
   <div class='ocr_carea' id='block_1_7' title="bbox 298 3446 1522 3544">
    <p class='ocr_par' dir='ltr' id='par_1_9' title="bbox 298 3446 1522 3544">
     <span class='ocr_line' id='line_1_29' title="bbox 298 3446 1522 3544; baseline 0 -26"><span class='ocrx_word' id='word_1_180' title='bbox 298 3481 300 3488; x_wconf 36' lang='lat' dir='ltr'><strong>r</strong></span> <span class='ocrx_word' id='word_1_181' title='bbox 430 3449 648 3520; x_wconf 91' lang='lat' dir='ltr'><strong>mandatum</strong></span> <span class='ocrx_word' id='word_1_182' title='bbox 681 3456 814 3519; x_wconf 88' lang='lat' dir='ltr'><strong>euntes</strong></span> <span class='ocrx_word' id='word_1_183' title='bbox 846 3449 891 3518; x_wconf 91' lang='lat' dir='ltr'><strong>ad</strong></span> <span class='ocrx_word' id='word_1_184' title='bbox 922 3447 1002 3520; x_wconf 90' lang='lat' dir='ltr'><strong>eius</strong></span> <span class='ocrx_word' id='word_1_185' title='bbox 1035 3446 1277 3544; x_wconf 70' lang='lat' dir='ltr'><strong>obsequium,</strong></span> <span class='ocrx_word' id='word_1_186' title='bbox 1312 3446 1522 3520; x_wconf 90' lang='lat' dir='ltr'><strong>civitatibus</strong></span> 
     </span>
    </p>
   </div>
   <div class='ocr_carea' id='block_1_8' title="bbox 427 3547 1523 4252">
    <p class='ocr_par' dir='ltr' id='par_1_10' title="bbox 427 3547 1522 3746">
     <span class='ocr_line' id='line_1_30' title="bbox 427 3547 1522 3646; baseline -0.002 -26"><span class='ocrx_word' id='word_1_187' title='bbox 427 3571 504 3644; x_wconf 88' lang='lat' dir='ltr'><strong>que</strong></span> <span class='ocrx_word' id='word_1_188' title='bbox 518 3557 702 3620; x_wconf 88' lang='lat' dir='ltr'><strong>venerant</strong></span> <span class='ocrx_word' id='word_1_189' title='bbox 716 3550 761 3620; x_wconf 89' lang='lat' dir='ltr'><strong>ad</strong></span> <span class='ocrx_word' id='word_1_190' title='bbox 777 3549 993 3620; x_wconf 89' lang='lat' dir='ltr'><strong>mandatum</strong></span> <span class='ocrx_word' id='word_1_191' title='bbox 1009 3571 1119 3621; x_wconf 87' lang='lat' dir='ltr'><strong>suum</strong></span> <span class='ocrx_word' id='word_1_192' title='bbox 1134 3558 1341 3645; x_wconf 89' lang='lat' dir='ltr'><strong>potestates</strong></span> <span class='ocrx_word' id='word_1_193' title='bbox 1351 3547 1522 3646; x_wconf 79' lang='lat' dir='ltr'><strong>prefecit,</strong></span> 
     </span>
     <span class='ocr_line' id='line_1_31' title="bbox 430 3647 1267 3746; baseline -0.002 -24"><span class='ocrx_word' id='word_1_194' title='bbox 430 3657 469 3722; x_wconf 90' lang='lat' dir='ltr'><strong>et</strong></span> <span class='ocrx_word' id='word_1_195' title='bbox 486 3647 568 3721; x_wconf 91' lang='lat' dir='ltr'><strong>aliis</strong></span> <span class='ocrx_word' id='word_1_196' title='bbox 587 3648 797 3722; x_wconf 87' lang='lat' dir='ltr'><strong>custodiam</strong></span> <span class='ocrx_word' id='word_1_197' title='bbox 817 3648 1050 3746; x_wconf 88' lang='lat' dir='ltr'><strong>captivorum</strong></span> <span class='ocrx_word' id='word_1_198' title='bbox 1069 3647 1267 3721; x_wconf 90' lang='lat' dir='ltr'><strong>commisit.</strong></span> 
     </span>
    </p>

    <p class='ocr_par' dir='ltr' id='par_1_11' title="bbox 428 3747 1523 4252">
     <span class='ocr_line' id='line_1_32' title="bbox 505 3747 1523 3824; baseline -0.001 -2"><span class='ocrx_word' id='word_1_199' title='bbox 505 3749 636 3822; x_wconf 87' lang='lat' dir='ltr'><strong>Mense</strong></span> <span class='ocrx_word' id='word_1_200' title='bbox 663 3747 755 3820; x_wconf 93' lang='lat' dir='ltr'><strong>lunii</strong></span> <span class='ocrx_word' id='word_1_201' title='bbox 783 3748 902 3822; x_wconf 90' lang='lat' dir='ltr'><strong>dictus</strong></span> <span class='ocrx_word' id='word_1_202' title='bbox 920 3749 1145 3822; x_wconf 84' lang='lat' dir='ltr'><strong>Acerrarum</strong></span> <span class='ocrx_word' id='word_1_203' title='bbox 1171 3773 1300 3824; x_wconf 90' lang='lat' dir='ltr'><strong>comes</strong></span> <span class='ocrx_word' id='word_1_204' title='bbox 1328 3759 1365 3822; x_wconf 91' lang='lat' dir='ltr'><strong>et</strong></span> <span class='ocrx_word' id='word_1_205' title='bbox 1389 3748 1523 3822; x_wconf 74' lang='lat' dir='ltr'><strong>Hanni.</strong></span> 
     </span>
     <span class='ocr_line' id='line_1_33' title="bbox 429 3849 1520 3948; baseline -0.001 -26"><span class='ocrx_word' id='word_1_206' title='bbox 429 3873 496 3923; x_wconf 86' lang='lat' dir='ltr'><strong>cus</strong></span> <span class='ocrx_word' id='word_1_207' title='bbox 515 3853 562 3922; x_wconf 89' lang='lat' dir='ltr'><strong>de</strong></span> <span class='ocrx_word' id='word_1_208' title='bbox 580 3849 703 3922; x_wconf 83' lang='lat' dir='ltr'><strong>Murro</strong></span> <span class='ocrx_word' id='word_1_209' title='bbox 722 3849 906 3946; x_wconf 88' lang='lat' dir='ltr'><strong>magister</strong></span> <span class='ocrx_word' id='word_1_210' title='bbox 922 3849 1164 3924; x_wconf 73' lang='lat' dir='ltr'><strong>iustitiarius³</strong></span> <span class='ocrx_word' id='word_1_211' title='bbox 1189 3853 1235 3924; x_wconf 94' lang='lat' dir='ltr'><strong>ad</strong></span> <span class='ocrx_word' id='word_1_212' title='bbox 1254 3851 1520 3948; x_wconf 88' lang='lat' dir='ltr'><strong>imperatorem</strong></span> 
     </span>
     <span class='ocr_line' id='line_1_34' title="bbox 428 3949 1522 4048; baseline -0.002 -26"><span class='ocrx_word' id='word_1_213' title='bbox 428 3950 466 4022; x_wconf 94' lang='lat' dir='ltr'><strong>in</strong></span> <span class='ocrx_word' id='word_1_214' title='bbox 479 3949 741 4025; x_wconf 89' lang='lat' dir='ltr'><strong>Lombardiam</strong></span> <span class='ocrx_word' id='word_1_215' title='bbox 761 3954 900 4024; x_wconf 89' lang='lat' dir='ltr'><strong>vadunt</strong></span> <span class='ocrx_word' id='word_1_216' title='bbox 918 3975 1004 4024; x_wconf 92' lang='lat' dir='ltr'><strong>cum</strong></span> <span class='ocrx_word' id='word_1_217' title='bbox 1022 3950 1199 4025; x_wconf 88' lang='lat' dir='ltr'><strong>militibus</strong></span> <span class='ocrx_word' id='word_1_218' title='bbox 1217 3952 1325 4048; x_wconf 86' lang='lat' dir='ltr'><strong>regni</strong></span> <span class='ocrx_word' id='word_1_219' title='bbox 1343 3953 1522 4024; x_wconf 87' lang='lat' dir='ltr'><strong>decenter</strong></span> 
     </span>
     <span class='ocr_line' id='line_1_35' title="bbox 428 4051 1520 4151; baseline -0.001 -29"><span class='ocrx_word' id='word_1_220' title='bbox 428 4051 570 4148; x_wconf 90' lang='lat' dir='ltr'><strong>paratis</strong></span> <span class='ocrx_word' id='word_1_221' title='bbox 593 4051 630 4124; x_wconf 95' lang='lat' dir='ltr'><strong>in</strong></span> <span class='ocrx_word' id='word_1_222' title='bbox 659 4051 765 4150; x_wconf 88' lang='lat' dir='ltr'><strong>equis</strong></span> <span class='ocrx_word' id='word_1_223' title='bbox 794 4062 830 4124; x_wconf 91' lang='lat' dir='ltr'><strong>et</strong></span> <span class='ocrx_word' id='word_1_224' title='bbox 855 4052 969 4126; x_wconf 88' lang='lat' dir='ltr'><strong>armis</strong></span> <span class='ocrx_word' id='word_1_225' title='bbox 996 4062 1034 4125; x_wconf 90' lang='lat' dir='ltr'><strong>et</strong></span> <span class='ocrx_word' id='word_1_226' title='bbox 1053 4075 1139 4126; x_wconf 92' lang='lat' dir='ltr'><strong>cum</strong></span> <span class='ocrx_word' id='word_1_227' title='bbox 1158 4051 1317 4151; x_wconf 88' lang='lat' dir='ltr'><strong>pecunia</strong></span> <span class='ocrx_word' id='word_1_228' title='bbox 1336 4054 1381 4124; x_wconf 92' lang='lat' dir='ltr'><strong>de</strong></span> <span class='ocrx_word' id='word_1_229' title='bbox 1401 4074 1520 4147; x_wconf 90' lang='lat' dir='ltr'><strong>regno</strong></span> 
     </span>
     <span class='ocr_line' id='line_1_36' title="bbox 429 4151 1522 4252; baseline 0.002 -30"><span class='ocrx_word' id='word_1_230' title='bbox 429 4151 597 4224; x_wconf 88' lang='lat' dir='ltr'><strong>collecta.</strong></span> <span class='ocrx_word' id='word_1_231' title='bbox 625 4153 831 4250; x_wconf 81' lang='lat' dir='ltr'><strong>Gregorius</strong></span> <span class='ocrx_word' id='word_1_232' title='bbox 851 4178 946 4252; x_wconf 93' lang='lat' dir='ltr'><strong>papa</strong></span> <span class='ocrx_word' id='word_1_233' title='bbox 961 4155 1100 4246; x_wconf 81' lang='lat' dir='ltr'><strong>Urbem</strong></span> <span class='ocrx_word' id='word_1_234' title='bbox 1120 4153 1264 4250; x_wconf 77' lang='lat' dir='ltr'><strong>exiens,</strong></span> <span class='ocrx_word' id='word_1_235' title='bbox 1283 4153 1385 4226; x_wconf 89' lang='lat' dir='ltr'><strong>venit</strong></span> <span class='ocrx_word' id='word_1_236' title='bbox 1398 4153 1522 4248; x_wconf 83' lang='lat' dir='ltr'><strong>Anag-</strong></span> 
     </span>
    </p>
   </div>
   <div class='ocr_carea' id='block_1_9' title="bbox 430 4284 912 4358">
    <p class='ocr_par' dir='ltr' id='par_1_12' title="bbox 430 4284 912 4358">
     <span class='ocr_line' id='line_1_37' title="bbox 430 4284 912 4358; baseline 0.006 -19"><span class='ocrx_word' id='word_1_237' title='bbox 430 4291 455 4355; x_wconf 86' lang='lat' dir='ltr'><strong>a)</strong></span> <span class='ocrx_word' id='word_1_238' title='bbox 476 4284 553 4340; x_wconf 76' lang='lat' dir='ltr'><strong>llen?</strong></span> <span class='ocrx_word' id='word_1_239' title='bbox 572 4289 606 4340; x_wconf 90' lang='lat' dir='ltr'><strong>de</strong></span> <span class='ocrx_word' id='word_1_240' title='bbox 625 4285 701 4342; x_wconf 72' lang='lat' dir='ltr'><strong>Mor?</strong></span> <span class='ocrx_word' id='word_1_241' title='bbox 718 4287 797 4358; x_wconf 69' lang='lat' dir='ltr'><strong>Magi*</strong></span> <span class='ocrx_word' id='word_1_242' title='bbox 817 4287 871 4342; x_wconf 73' lang='lat' dir='ltr'><strong>luel</strong></span> <span class='ocrx_word' id='word_1_243' title='bbox 890 4305 912 4342; x_wconf 88' lang='lat' dir='ltr'><strong>c.</strong></span> 
     </span>
    </p>
   </div>
   <div class='ocr_carea' id='block_1_10' title="bbox 0 0 1680 5026">
    <p class='ocr_par' dir='ltr' id='par_1_13' title="bbox 0 0 1680 5026">
     <span class='ocr_line' id='line_1_38' title="bbox 0 0 1680 5026; baseline 0 0"><span class='ocrx_word' id='word_1_244' title='bbox 0 0 1680 5026; x_wconf 95' lang='lat' dir='ltr'><strong> </strong></span> 
     </span>
    </p>
   </div>
  </div>
 </body>
</html>
