3352 5026
418 395 488 470 rso
608 393 891 468 nrocnnous
917 370 979 468 nu
1005 393 1042 467 s.
1070 395 1310 472 onnnuuo.

621 591 849 674 dmigdeietem
874 591 994 672 pinetto
1016 593 1195 676 squalidam
1208 603 1234 639 ⁸³

620 677 688 737 Edu
713 675 761 737 vel
784 675 867 737 ferre
890 682 922 736 et
943 675 1018 737 bibo
1041 677 1212 757 quotidem.
1257 721 1264 740 ,κ
1287 717 1289 722 ,

579 761 630 822 Me
653 759 779 822 visitere
803 759 933 820 veniunt
955 759 1076 832 medici,

620 843 719 910 Amici
743 842 803 906 mei
827 843 907 923 tuyei
930 842 1044 917 cleriei,

619 927 678 1002 Qui
702 923 760 988 nne
773 925 964 999 confortent,
986 937 1017 988 et
1039 927 1147 989 dieunt
1168 927 1292 1008 singuli,

620 1011 660 1072 Ut
681 1029 744 1074 non
768 1010 916 1072 deberem
939 1010 984 1071 sio
1007 1018 1110 1070 mente
1133 1011 1224 1076 deiei.

577 1093 705 1156 Urinam
729 1101 870 1168 cernunt,
893 1092 1014 1172 putsuur
1038 1093 1248 1170 considerent,

620 1179 659 1238 Et
679 1177 769 1258 signe
793 1177 909 1251 vident,
933 1195 1014 1257 quee
1035 1196 1194 1259 uunquam
1219 1179 1376 1254 viderant;

618 1261 733 1323 Vetere
756 1269 861 1322 temen
884 1259 935 1342 qui
959 1277 1008 1320 rne
1030 1261 1221 1336 desiderent,
1418 1260 1421 1264 ’

620 1345 705 1406 inter
725 1365 760 1406 se
782 1344 868 1423 ipsos
890 1344 930 1404 de
953 1362 1003 1403 me
1023 1344 1208 1408 deliberem.

577 1429 730 1503 iuvemus,
753 1428 849 1498 aiunt,
872 1425 1007 1488 amioum
1030 1427 1166 1490 debilem

617 1512 760 1573 Amicum
782 1529 890 1572 verum
915 1517 946 1571 et
967 1509 1185 1585 iuverebiteru,

618 1596 656 1656 Et
677 1595 780 1656 adhue
802 1593 894 1655 nobis
915 1601 946 1654 et
969 1593 1073 1656 multis
1096 1591 1213 1667 utitem,

617 1679 661 1740 Ne
684 1677 766 1738 iorte
789 1686 895 1757 verget
917 1677 957 1738 ed
979 1696 1086 1740 cesum
1109 1678 1257 1744 debilem.

575 1762 643 1823 Fiet
665 1780 746 1821 nrrno
768 1779 844 1840 ergo
868 1761 1016 1843 quidem³
1040 1762 1194 1841 purgatio,

616 1846 652 1906 Ut
675 1844 835 1924 phisieutis
858 1843 952 1923 exigit
975 1844 1071 1919 retio;

616 1929 684 1989 Fiet
705 1927 873 1989 humorum
896 1927 1088 2002 extenuatio,

616 2013 654 2072 Et
677 2011 757 2074 liber
778 2011 838 2071 erit
859 2009 889 2070 in
913 2010 999 2072 brevi
1022 2011 1137 2091 spetio.

574 2095 643 2156 Hne
665 2095 713 2156 isti
737 2093 854 2168 dicunt,
874 2093 928 2154 etii
952 2093 1090 2173 veniunt,

613 2179 675 2239 Sed
699 2177 824 2260 quatem
847 2178 987 2249 creduut,
1011 2197 1147 2240 menon
1171 2180 1341 2254 inveniunt,

613 2262 658 2322 De
682 2281 731 2322 me
754 2261 899 2322 diffidunt
920 2269 951 2322 et
973 2261 1055 2324 mute
1077 2261 1228 2339 sentiunt;

614 2345 727 2427 Siuque
750 2345 894 2406 dolentes
917 2345 948 2404 in
971 2365 1026 2406 suu
1051 2346 1191 2407 redeunt.

571 2429 729 2510 Septimus
752 2427 819 2489 dies
842 2428 968 2490 adven-it
989 2429 1132 2506 creticus,

615 2511 817 2574 indicativum
842 2532 935 2593 quern
959 2511 1034 2572 dieit
1057 2512 1211 2586 uredicus;

612 2595 745 2676 Spiritus
768 2615 856 2656 meus
880 2595 972 2658 vetde
994 2595 1029 2656 fit
1053 2596 1202 2670 modicus,

611 2681 650 2739 Et
672 2699 732 2760 ego
754 2678 798 2740 fio
821 2686 904 2740 totus
927 2679 1106 2744 eneieticus.

571 2764 631 2825 Sed
654 2771 685 2834 et
708 2764 803 2824 leviat
824 2763 905 2824 Mers
928 2762 1122 2843 egritudinis,

611 2848 689 2928 Spes
711 2846 793 2908 redit
815 2855 846 2908 et
868 2846 1055 2920 valitudinis,

609 2932 768 2992 Secreturu
792 2931 884 3010 erigo
909 2930 1130 3010 poenitudinis,

610 3013 834 3088 Confessionis‚
858 3021 889 3074 et
911 3013 1162 3094 pulchritudinis.

568 3097 613 3158 Ad
638 3117 688 3157 me
710 3098 858 3158 sacerdos
881 3097 1003 3158 aceedit
1023 3097 1116 3169 illico,

609 3179 664 3242 Cui
689 3181 739 3241 vix
761 3179 926 3242 confessus
948 3201 1026 3254 surn,
1049 3189 1080 3242 et
1103 3198 1153 3240 me
1175 3180 1291 3244 iudico.

610 3265 713 3326 Virtus
736 3275 838 3326 temen
862 3264 902 3327 de
924 3265 1033 3326 mortis
1056 3265 1178 3326 lubrico

608 3349 825 3410 Communioni
849 3347 962 3410 Christi
986 3349 1195 3411 communico.

566 3433 616 3493 Sic
638 3439 797 3493 recreatus
820 3451 858 3494 ex
880 3452 974 3494 cerne
999 3432 1132 3506 Domini,

607 3517 766 3596 Partieeps
787 3515 888 3577 fectus
912 3523 942 3577 et
964 3515 1031 3578 eius
1053 3515 1244 3596 sanguine,

606 3601 689 3680 Eger
713 3608 864 3673 uterum,
887 3599 992 3660 divino
1016 3599 1134 3660 nomini

605 3683 728 3745 Grotius
751 3682 799 3762 egi
823 3683 890 3743 Deo
913 3689 945 3744 et
967 3682 1096 3746 homini.

563 3768 639 3828 inde
662 3773 793 3828 testatus
815 3787 883 3828 suin
907 3787 969 3828 non
994 3773 1028 3834 ut
1050 3765 1132 3828 volni

604 3852 651 3914 De
673 3849 765 3912 bonis
789 3850 874 3923 meis,
895 3851 951 3911 sed
975 3851 1057 3912 sieut
1080 3851 1176 3930 potui,

605 3935 677 3994 Mox
701 3942 918 3996 consternatus
942 3935 1025 3996 lecto
1048 3936 1188 4007 recubui,

604 4020 641 4078 Et
664 4037 722 4080 nee
745 4019 774 4079 in
799 4027 896 4080 toturn
920 4028 1030 4080 cuncte
1050 4018 1204 4096 disposui.

393 4156 406 4189 n
456 4139 545 4192 uidam
582 4177 590 4192 .

391 4139 479 4310 b')3)qi.
493 4251 522 4309 q.
539 4156 704 4310 pgnieetio.
770 4230 820 4312 64)
835 4241 908 4292 notu
922 4231 1174 4292 communion-ern
1189 4230 1258 4292 inici
1272 4233 1330 4293 sub
1344 4239 1488 4312 utruque.
