3352 5026
385 418 387 424 ’
436 431 505 502 114
634 430 917 504 RYCCARDUS
945 431 1006 503 DE
1032 430 1069 504 S.
1097 431 1326 504 GERMANO

431 631 557 700 naribs
580 631 688 702 etiam
715 633 775 726 qui
799 632 971 703 tabernas
995 631 1087 702 uelut
1113 631 1254 704 natales
1269 631 1376 703 'lares
1396 639 1428 703 et
1443 655 1527 726 pro-

429 731 531 822 prios
547 729 737 824 eleqerunt,
764 753 825 803 eos
842 733 950 802 etiam
969 734 1028 826 qui
1046 733 1148 804 aleas
1167 739 1199 804 et
1217 733 1337 804 datios
1354 739 1474 805 tenent
1490 738 1529 802 ul

430 853 474 900 ea
490 829 659 922 predictis
684 831 882 904 ludentibus
908 833 1152 924 commodent,
1172 833 1333 904 colurnus
1358 835 1450 904 inter
1475 835 1526 902 in-

428 932 547 1016 fames
570 930 706 1025 baberi,
733 933 785 1002 ila
811 939 850 1002 ut
874 955 938 1003 nec
962 932 1013 1005 ad
1036 935 1271 1004 testimoninm
1298 957 1362 1004 nec
1381 935 1433 1005 ad
1449 935 1526 1020 offi-

430 1032 522 1101 cium
551 1029 699 1126 aliquod
720 1032 899 1124 publicum
919 1033 1167 1104 admittantur.
1210 1033 1349 1105 Iudices
1367 1036 1475 1104 etiam
1494 1039 1527 1104 et

389 1181 391 1184 ψ
429 1129 629 1202 aduocatos
646 1139 680 1202 el
696 1134 860 1204 notarios
875 1133 1047 1225 publicos,
1075 1135 1134 1228 qui
1152 1133 1356 1206 bninsmodi
1373 1131 1473 1206 vilem
1493 1140 1528 1204 et

428 1229 615 1302 sordidam
642 1234 752 1304 uitam
779 1233 928 1327 ducunt,
960 1235 1113 1319 infamia
1141 1233 1304 1327 predicta
1330 1241 1477 1305 notatos
1501 1257 1524 1304 a
1663 1255 1664 1258 ’

427 1333 598 1446 susceptis
616 1334 753 1404 etiam
740 1355 814 1404 iam
833 1307 990 1420 officiis
977 1355 1013 1404 in
1023 1341 1233 1428 perpetuum
1248 1334 1410 1406 colurnus
1424 1357 1525 1405 amo-

428 1431 511 1501 ueri.
566 1431 750 1506 Postremo
776 1436 883 1504 etiam
911 1433 1051 1518 milites
1086 1457 1175 1529 quos
1202 1434 1328 1507 saltem
1354 1437 1525 1530 equestris
1663 1419 1664 1510 ἶ

428 1529 612 1625 diqnitatis
639 1533 747 1606 decus
771 1533 912 1606 deberet
939 1519 1118 1606 cialibus
1145 1534 1342 1627 cohercere,
1369 1538 1401 1607 si
1425 1537 1524 1620 tarne
1663 1591 1664 1632 3

299 1677 302 1684 ι
427 1653 490 1703 sue
514 1633 658 1728 pradiqi
683 1640 719 1704 et
740 1634 926 1728 pudoris
914 1635 1035 1728 equari
1061 1635 1112 1706 ad
1135 1635 1210 1706 vilit
1194 1641 1302 1706 tatem
1321 1635 1525 1708 huiusmodi

429 1729 641 1804 deducerinl
671 1736 780 1806 citam
811 1757 935 1827 suani,
966 1737 1007 1806 in
1035 1741 1243 1828 perpetuum
1272 1759 1296 1806 a
1323 1737 1523 1808 testimonio

427 1853 706 1927 summovemus,
734 1834 781 1906 ab
808 1836 858 1906 eis
884 1836 991 1906 eliam
1015 1835 1166 1927 iudicia,
1193 1859 1259 1930 que
1285 1837 1369 1908 airis
1394 1835 1523 1908 milita·

427 1930 525 2001 rime
542 1939 627 2005 sunt
642 1957 826 2027 concessa,
853 1937 889 2005 in
905 1941 1112 2029 perpetuum
1133 1934 1353 2008 abdicantes.

501 2029 556 2106 De
582 2031 811 2132 dampn1s⁴⁹
838 2031 1055 2106 Animalia
1043 2057 1077 2106 rn
1105 2037 1213 2108 cineis
1236 2043 1271 2108 et
1290 2038 1522 2131 possessioni·

426 2129 492 2201 bus
513 2135 697 2208 cuiuslibet
720 2135 917 2230 dampnum
934 2137 1138 2221 facientia
1125 2161 1160 2208 m
1163 2142 1332 2230 tercenta
1358 2137 1520 2210 locorum

426 2235 555 2310 baiulis
572 2259 635 2308 seu
652 2236 816 2329 doctrinis,
835 2241 873 2307 nt
884 2259 949 2330 per
963 2261 1023 2309 eos
1036 2237 1127 2309 illati
1139 2237 1288 2330 dampni
1300 2239 1520 2310 restauratio

425 2339 674 2432 subsequatur,
709 2339 868 2424 sufficiat
894 2359 1099 2432 assequare
1084 2391 1097 2429 ,
1132 2340 1380 2410 constitutione
1406 2341 1519 2433 reqia,
1553 2421 1556 2430 y

426 2463 491 2534 que
517 2441 598 2529 ipsa
625 2439 808 2532 reqionum
828 2439 1027 2509 iustitiamis
1044 2439 1228 2532 assiqnari
1244 2439 1457 2531 mandabat,
1485 2441 1521 2510 in
1663 2463 1664 2472 ¹

404 2601 405 2604 ,
425 2537 495 2609 bac
511 2541 616 2631 parte
633 2544 782 2630 remota,
802 2561 881 2608 curn
901 2537 1120 2632 dispendium
1141 2545 1232 2610 esset
1247 2540 1341 2625 forte
1359 2561 1431 2610 non
1445 2561 1518 2610 mo·

427 2637 543 2710 dicum
566 2639 793 2730 provinciam
820 2640 987 2730 circuire,
1016 2661 1079 2709 nec
1104 2640 1286 2711 iustitinrii
1309 2639 1352 2712 de
1376 2639 1518 2732 talibus,

425 2739 533 2809 etiam
554 2743 667 2828 prout
689 2739 980 2831 predecessorum
1005 2745 1210 2811 nostrorum
1235 2747 1269 2811 et
1285 2743 1419 2812 nastris
1436 2763 1519 2812 can-

425 2839 663 2911 stitutionibus
682 2843 734 2910 est
752 2863 968 2932 expressum,
995 2840 1227 2910 intromittere
1245 2863 1282 2911 se
1301 2840 1475 2913 deberent.

500 2939 602 3010 Idem
627 2936 867 3034 augustus⁵⁰2
900 2941 1154 3010 Constitutione
1176 2943 1333 3032 presenti
1350 2944 1385 3011 in
1398 2947 1517 3034 paste-

424 3061 503 3110 rum
521 3039 679 3111 aalitura
696 3041 905 3154 sancimus,
919 3043 956 3108 ut
979 3037 1111 3110 amodo
1130 3039 1182 3109 ad
1197 3039 1387 3109 militarem
1406 3039 1520 3110 bono·
1663 3027 1664 3068 ³

424 3161 499 3210 rem
525 3138 641 3212 nullus
668 3137 819 3209 accedat
845 3139 905 3232 qui
921 3159 992 3207 rron
1009 3138 1056 3208 sit
1074 3136 1117 3207 de
1134 3159 1261 3232 qenere
1279 3137 1474 3208 militari
1441 3161 1519 3211 srne

423 3245 544 3312 nostre
567 3237 782 3311 celsitudinis
799 3237 940 3309 licentia
958 3236 1124 3331 speciali:
1150 3236 1328 3330 militibus,
1354 3261 1413 3334 qur
1407 3237 1518 3310 ¹-bac

422 3345 523 3412 lenus
545 3345 630 3434 post
650 3335 919 3434 prohibitionem
946 3337 1023 3410 dive
1046 3340 1213 3410 memorie
1237 3341 1332 3434 reqis
1347 3339 1519 3435 Roqqerii

423 3443 482 3510 aci
508 3443 623 3512 nostri
640 3439 847 3536 diqnitatem
869 3441 1015 3526 fuerunt
1035 3437 1224 3511 militarem
1244 3439 1373 3533 adepti,
1402 3465 1446 3512 ec
1462 3462 1515 3513 se-

422 3541 583 3612 renitatis
609 3547 730 3612 nostre
756 3542 880 3636 qratia
905 3561 1011 3612 suam
1039 3538 1266 3612 retinentibus
1296 3539 1515 3635 diqaitatem,

423 3637 617 3712 dummodo
645 3642 765 3711 cicant
790 3640 1002 3732 militariter,
1030 3646 1069 3710 ut
1091 3645 1145 3710 est
1166 3639 1308 3711 dictum.
1360 3641 1516 3713 Presenti

421 3743 528 3813 etiarn
552 3739 665 3811 edicto
692 3739 780 3812 illud
805 3739 1049 3834 adiunqinrns,
1083 3747 1121 3810 ut
1144 3739 1251 3812 iudea
1274 3741 1328 3812 cel
1352 3743 1516 3814 notarius

419 3841 583 3936 publicus
609 3839 738 3936 aliquis
761 3843 820 3936 qui
845 3838 921 3911 cilis
942 3840 1154 3912 conditionis
1177 3843 1239 3934 sit,
1274 3840 1426 3914 villanus
1452 3848 1516 3912 aut

422 3941 644 4036 anpararius
661 3942 829 4034 forsitan,
848 3942 997 4036 itemque
1013 3941 1076 4029 plu
1092 3939 1300 4014 clericorum
1319 3945 1443 4036 spurii,
1463 3942 1517 4013 uel

422 4043 530 4114 modo
548 4043 702 4138 quolibet
718 4041 914 4136 naturales,
941 4043 977 4113 in
1000 4049 1182 4136 posterum
1207 4044 1326 4114 creari
1342 4065 1414 4114 non
1431 4065 1514 4136 pos·

422 4148 514 4227 sunt,
533 4165 597 4213 nec
616 4143 738 4238 aliqua
757 4151 858 4215 tenus
872 4146 1087 4236 promoueri.

422 4262 472 4344 rs)
497 4261 516 4326 1.
539 4263 568 4334 3,
591 4263 630 4328 a
656 4267 705 4328 56.
791 4265 842 4346 so)
867 4265 886 4326 ι.
909 4267 938 4337 3,
963 4264 1007 4328 a.
1030 4265 1081 4328 co.
