3352 5026
626 421 666 486 A.
699 419 804 490 1230.
1020 481 1026 496 ,
1219 420 1265 490 93

170 618 313 690 tulerint
330 641 373 688 er
388 639 460 710 put·
461 623 493 686 te
461 616 673 687 tculminis
691 619 815 708 nostri,
840 615 1044 687 indubitum
1029 622 1082 688 ter
1100 619 1266 691 credatis.

172 718 246 790 Dut
231 725 306 790 tu'm
325 718 433 810 Fopic
451 721 514 786 etc.

245 819 387 892 Eodem
404 839 535 886 mense
545 814 703 912 Aprilis
693 840 728 886 m
740 795 966 890 Grecorum
957 807 1114 912 imperio
1126 817 1265 888 factum

172 927 231 989 est
256 917 414 1014 prelium
444 915 540 987 inter
559 916 751 1012 Gr'ecos,
742 941 779 986 m
799 941 871 1013 quo
892 915 1114 990 Commiano
1134 928 1265 1015 captus

171 1027 243 1113 est,
270 1027 308 1089 et
327 1027 484 1114 utroque
502 1016 643 1088 lumine
663 1020 826 1092 orbatus.

247 1119 377 1190 Mense
396 1117 508 1189 llladii
526 1117 748 1190 Alamannie
773 1118 959 1214 plincipes
980 1143 1000 1188 a
1021 1144 1116 1216 papa
1138 1123 1182 1192 ad
1205 1143 1263 1192 ce·

171 1241 296 1290 sarem
327 1221 498 1314 redeunt,
525 1217 654 1290 relicto
681 1218 825 1314 Regino
851 1218 1151 1316 archiepiscopo,
1179 1244 1264 1292 cum

168 1343 244 1416 quo
264 1318 482 1392 Sabinensis
508 1318 708 1415 episcopus
729 1330 766 1392 et
784 1319 950 1392 Thomas
969 1319 1107 1391 Sancte
1126 1320 1263 1392 Sabine

170 1417 368 1491 cardinalis
402 1443 468 1515 pro
501 1418 735 1494 absolutione
767 1419 1004 1516 imperatoris
1038 1420 1074 1490 in
1103 1444 1262 1516 regnum

170 1518 335 1592 veniunt.
366 1521 411 1598 Et
426 1519 687 1616 premittentes
703 1522 747 1590 ad
763 1520 887 1616 ipsum
903 1519 1171 1616 imperatorem
1187 1545 1264 1591 ma·

167 1620 326 1716 gistrum
356 1623 490 1694 domus
520 1621 834 1732 Alamannorum,
872 1621 933 1717 qui
967 1615 1118 1693 venisse
1147 1621 1263 1692 cardi-

169 1721 275 1794 nales
302 1721 497 1798 annuntiat
505 1721 751 1818 ,ipsumque
778 1721 1045 1817 imperatorem
1074 1731 1113 1792 ut
1139 1723 1264 1793 veniat

170 1846 304 1898 versus
331 1822 496 1934 Capuam
524 1821 737 1892 accelerare
766 1825 918 1917 debeat,
953 1821 1200 1894 cardinales
1191 1823 1261 1920 ipsi

169 1947 255 1994 cum
276 1946 382 2017 regni
374 1921 569 2019 '·p1elatis,
590 1923 691 2019 quia
670 1921 830 1993 alacie
822 1922 1059 2035 imperatoris
1077 1924 1262 2019 fugerant,

168 2023 260 2094 etin
281 2047 440 2118 regnum
460 2026 529 2094 sub
549 2047 617 2118 spe
638 2023 920 2119 compositionis
940 2023 1037 2094 inter
1061 2023 1261 2096 ecclesiam

169 2134 206 2195 et
241 2123 364 2219 ipsum
399 2123 605 2217 redierant,
647 2147 730 2193 cum
768 2123 911 2194 eisdem
945 2123 1141 2219 elegerunt
1173 2135 1263 2221 aput

166 2223 346 2296 Sanctum
367 2223 597 2294 Germanum
619 2223 742 2294 tacere
762 2223 974 2294 stationem.

242 2323 345 2394 Tunc
364 2322 601 2419 imperatoris
621 2322 725 2394 iussu
742 2323 884 2396 fossata
903 2334 938 2394 et
953 2323 1049 2394 muri
1063 2323 1177 2418 Fogie
1194 2327 1261 2397 Ca·

168 2422 257 2495 salis
286 2423 372 2494 novi
402 2432 439 2494 et
464 2423 590 2496 Sancti
618 2422 748 2496 Severi
776 2425 969 2520 replentur
988 2433 1023 2495 et
1043 2433 1261 2495 sternuntur

167 2526 212 2595 ad
229 2524 362 2596 solum.
399 2523 505 2610 Quod
522 2548 605 2594 cum
622 2524 713 2622 ipsis
729 2525 977 2597 cardinalibus
992 2525 1261 2619 innotesceret,

167 2625 228 2722 qui
257 2624 453 2722 prevenire
481 2624 747 2722 imperatorem
778 2627 992 2720 voluerant,
1029 2650 1164 2698 versus
1193 2628 1261 2699 Ca·

166 2750 279 2822 puam
301 2735 561 2822 properantes,
580 2726 743 2799 a'l'eano
764 2729 809 2797 ad
828 2727 1007 2798 Sanctum
1028 2727 1257 2797 Germanum

166 2826 332 2920 reversi,
360 2826 525 2922 prelatos
553 2851 686 2900 omnes
716 2839 872 2923 excepto
899 2831 1031 2898 abbate
1051 2827 1259 2900 Casinense

166 2925 287 2998 redire
316 2927 552 3023 Ceperanum
580 2927 790 3021 iusserunt,
826 2939 862 2998 et
888 2927 958 3024 ipsi
987 2951 1029 2999 se
1058 2951 1143 2998 mox
1174 2951 1258 2998 cum

166 3027 331 3124 predicto
348 3028 556 3102 Casinense
575 3032 709 3102 abbate
729 3029 790 3126 qui
806 3052 871 3100 eos
889 3038 982 3100 este
999 3028 1158 3124 vestigio
1175 3032 1259 3100 sub-

165 3140 316 3202 secutus
337 3131 504 3227 Capuam
525 3131 772 3202 contulerunt.
821 3129 889 3202 Ubi
917 3129 1122 3226 penultimo
1150 3129 1258 3200 bladii

165 3233 208 3300 ad
227 3255 292 3302 eos
310 3231 465 3303 veniens
482 3231 699 3327 imperator,
719 3255 803 3301 cum
823 3231 983 3301 formam
998 3255 1072 3300 non
1088 3240 1258 3326 accepta-

165 3341 221 3408 ret
248 3331 465 3425 concordie,
502 3331 585 3425 quia
615 3332 792 3402 Sanctam
820 3331 992 3424 Agathen
1021 3341 1057 3400 et
1087 3329 1257 3400 Gaietam

165 3429 327 3500 retinere
347 3431 496 3500 volebat
515 3429 689 3524 ecclesia,
709 3431 930 3500 recedentes
948 3454 966 3499 a
984 3429 1124 3524 Capua,
1144 3428 1255 3499 Sues-

165 3552 246 3600 sam
268 3553 310 3599 se
330 3531 526 3601 conferunt
545 3529 763 3602 cardinales.
803 3527 869 3600 Ubi
890 3553 975 3600 cum
996 3527 1187 3600 Gaietauis
1207 3529 1257 3599 lo-

164 3638 344 3723 quentes,
363 3653 457 3726 quos
478 3633 545 3701 sub
566 3654 700 3702 securo
720 3635 853 3702 ducatu
875 3629 1017 3702 abbatis
1037 3629 1256 3722 Casemarii,

165 3727 335 3823 magistri
365 3729 461 3800 Petri
490 3732 534 3801 de
564 3731 699 3826 Vinea,
737 3741 773 3802 et
800 3729 956 3827 Philippi
988 3734 1033 3804 dc
1066 3730 1164 3804 Citro
1197 3754 1255 3800 co-

163 3829 362 3902 mestabuli
378 3832 505 3927 Capuc
525 3833 569 3902 ad
591 3855 632 3901 se
649 3831 775 3903 venire
792 3832 971 3926 fecerant,
991 3855 1075 3902 cum
1091 3830 1193 3927 ipsos
1209 3832 1255 3901 ad

163 3931 400 4028 imperatoris
421 3941 505 4001 vota
526 3929 678 4002 llectere
706 3931 983 4028 nequivissent,
1010 3935 1054 4004 ad
1075 3931 1254 4003 Sanctum

162 4034 392 4104 Germanum
414 4032 556 4104 reversi
577 4043 673 4105 sunt.
711 4033 776 4106 Ubi
798 4056 882 4103 cum
902 4031 961 4105 diu
982 4042 1085 4104 esset
1104 4034 1149 4102 de
1169 4055 1254 4103 cou-

163 4134 285 4206 cordie
305 4135 424 4208 forma
444 4143 657 4227 tractatum,
684 4157 754 4204 nec
778 4143 920 4229 posset,
947 4143 1073 4205 actore
1093 4131 1253 4204 faciente

161 4231 357 4330 discordie,
386 4233 653 4330 consummari,
682 4233 843 4332 oportuit
869 4235 1003 4306 iterum
1031 4233 1252 4330 magistrum
