3326 5022
438 436 486 507 28
640 428 922 504 RYCCARDUS
950 429 1011 501 DE
1038 428 1073 501 S.
1102 427 1332 500 GERMANO

436 623 532 731 quod
555 635 692 720 factum
717 638 769 704 est
793 631 913 702 comiti
937 627 1113 700 Fundano
1139 628 1182 699 cle
1205 629 1345 699 civitate
1364 627 1532 720 Neapoli-

436 744 525 806 tana
556 741 596 805 ul
621 735 666 805 sit
693 731 858 826 specialis
887 735 1006 802 rector
1036 731 1164 823 ipsias,
1205 727 1434 824 intellipentes
1464 729 1534 800 boc

436 841 607 931 quantum
638 832 689 904 ael
710 835 865 927 propria
889 832 1034 925 nepotia
1062 830 1235 920 ciuitatis,·
1266 828 1331 900 scel
1357 836 1533 922 quantum
1629 875 1638 894 .

436 935 488 1007 acl
512 957 721 1006 succursum
748 934 854 1026 reple,
881 938 915 1002 el
939 931 990 1002 acl
1013 929 1253 1016 defensionem
1280 935 1312 1000 et
1337 928 1389 1017 acl
1400 950 1532 1022 pacem

436 1037 537 1129 repni
562 1057 684 1106 omnes
711 1033 944 1104 communiter
969 1030 1148 1102 intendent
1165 1030 1231 1101 biis
1250 1028 1400 1101 duobus.
1451 1029 1534 1116 Qui·

436 1157 584 1229 cunique
604 1133 867 1205 ordinationem
889 1133 996 1218 istam
1015 1132 1220 1224 receperint,
1241 1130 1451 1201 adinvicem
1465 1130 1535 1202 sibi

434 1259 561 1330 pacem
586 1234 782 1327 observent,
810 1233 897 1304 etsi
922 1233 1109 1326 quisquam
1137 1230 1183 1302 ab
1209 1230 1328 1326 aliquo
1352 1232 1462 1315 suerit
1478 1231 1534 1314 of-

435 1337 570 1428 fensus,
598 1357 670 1404 non
695 1335 816 1406 statim
841 1331 1046 1418 reoffendat
1068 1331 1228 1422 eundem,
1255 1331 1320 1403 scd
1338 1330 1437 1424 opml
1451 1354 1533 1424 prc-

437 1434 550 1506 dictos
576 1435 721 1506 comites
748 1433 927 1528 querelam
956 1431 1125 1524 deponat,
1153 1435 1212 1525 qui
1238 1455 1318 1503 eam
1336 1430 1532 1502 secundum

436 1537 612 1606 rationem
628 1541 661 1604 et
674 1531 773 1628 'repni
786 1532 1073 1606 consuetudinem
1086 1533 1230 1616 faciunt
1241 1533 1435 1603 emendari.
1466 1530 1534 1618 Oui

437 1641 556 1706 autem
583 1633 844 1705 ordinationem
873 1637 978 1704 islam
1003 1635 1158 1726 recipere
1188 1633 1366 1704 noluerint
1393 1631 1447 1703 oel
1476 1655 1532 1702 re·

436 1736 659 1826 cusaoerint,
691 1729 865 1828 tanquam
892 1732 1010 1804 bostes
1035 1732 1166 1826 publici
1190 1732 1408 1826 babenntur,
1442 1738 1475 1803 el
1507 1755 1532 1802 a

436 1836 561 1907 ceteris
578 1837 836 1929 impupnentur.
867 1833 1019 1905 Ducenti
1036 1832 1162 1904 milites
1181 1833 1383 1928 diripentur
1400 1835 1436 1904 in
1451 1855 1532 1903 suc·

438 1957 580 2007 cursum
602 1937 695 2029 repis
710 1958 818 2028 usque
833 1933 884 2006 acl
894 1933 1082 2006 Kalendas
1095 1933 1310 2028 Septembris
1323 1939 1533 2004 moraturos

434 2059 501 2129 per
519 2059 652 2106 aaaron
671 2036 736 2105 sub
754 2034 895 2105 illorum
911 2036 1082 2128 eapensis,
1102 2059 1126 2104 o
1141 2036 1267 2127 quibus
1278 2035 1412 2119 tuerint
1426 2033 1531 2104 desti·

436 2138 523 2207 nali.
563 2135 835 2207 Distribuanlur
853 2140 971 2205 aulem
989 2135 1182 2206 secundum
1201 2137 1451 2206 catimatorum
1471 2157 1532 2203 ar-

436 2236 591 2327 bitrium,
618 2259 707 2330 quos
726 2235 777 2306 orl
792 2234 859 2306 boc
877 2235 1078 2327 specialiter
1096 2234 1354 2328 deputabimus,
1371 2235 1533 2328 pensetis

437 2335 562 2408 debilis
579 2337 729 2407 serviliis
747 2342 782 2406 et
796 2335 1030 2420 facultalibus
1048 2337 1214 2406 comitum
1239 2341 1273 2406 et
1289 2336 1466 2407 baronum
1485 2357 1532 2405 ac

437 2438 544 2507 etiam
570 2437 762 2508 ciuitatum.
813 2436 905 2523 Quia
931 2459 1014 2507 vero
1040 2442 1188 2529 propter
1209 2438 1332 2508 estatis
1352 2439 1531 2521 fervorem

437 2535 649 2608 descendere
667 2538 703 2606 in
721 2535 885 2630 Apuliam
902 2536 1141 2630 personaliter
1158 2559 1229 2608 nan
1245 2538 1437 2630 potuimus,
1457 2543 1533 2607 slo-

436 2641 548 2708 tutum
584 2637 680 2708 istud
714 2636 966 2708 mandabimus
1001 2637 1240 2733 exequendum
1274 2661 1340 2731 per
1373 2637 1530 2732 lepolum

436 2743 596 2808 nostrum
624 2738 684 2831 qni
707 2739 812 2808 estin
830 2735 969 2830 Apulia,
993 2761 1061 2830 per
1078 2740 1238 2809 comitem
1257 2738 1428 2809 Iacobum
1448 2759 1531 2808 con·
1634 2741 1635 2767 ³

435 2837 619 2908 sobrinum
639 2843 674 2908 el
689 2837 949 2908 marescalcum
968 2845 1142 2930 nostrum,
1169 2845 1203 2909 et
1214 2862 1282 2931 per
1300 2839 1409 2910 allum
1429 2859 1531 2932 quem
1632 2849 1634 2916 J

437 2962 460 3008 a
488 2944 611 3008 nostro
636 2937 747 3008 latere
774 2937 975 3031 diripemus.
1024 2938 1065 3008 ln
1092 2939 1255 3010 omnibus
1280 2945 1398 3010 aulem
1419 2961 1531 3009 reser-
1632 2933 1633 2953 ¹

437 3059 565 3108 camus
595 3037 697 3109 nobis
725 3036 868 3130 plenam
893 3043 1105 3130 potestatem
1133 3037 1306 3131 addendi,
1341 3037 1531 3130 minuendi,

437 3137 603 3208 mutandi
620 3144 652 3208 el
670 3137 896 3231 declarandi,
923 3145 1030 3229 prout
1050 3139 1239 3210 uiderimus
1257 3139 1429 3232 capedire.

513 3236 617 3307 Tune
644 3237 764 3309 eidem
792 3262 889 3336 pape
910 3238 1101 3335 Phiiippus
1122 3261 1187 3309 rex
1207 3239 1441 3327 Alamannis,
1468 3263 1532 3336 pa-

436 3345 542 3409 truus
571 3337 658 3409 dicti
687 3338 807 3434 regis,
835 3364 855 3410 a
885 3339 963 3412 suis
992 3337 1190 3411 nunciatur
1216 3340 1375 3413 occisus
1428 3339 1533 3412 Tunc

438 3435 551 3508 etiam
578 3449 709 3535 rogatu
738 3439 835 3511 Petri
856 3440 1083 3536 cognomine
1103 3440 1257 3514 Comitis
1279 3440 1409 3514 decani
1430 3441 1532 3515 Casi-

438 3539 580 3628 nensis,
600 3538 682 3636 ipse
701 3565 798 3637 papa
818 3550 908 3636 aput
927 3539 1107 3612 Sanctum
1126 3542 1278 3614 Petrum
1298 3539 1531 3636 monasterii,

437 3638 474 3710 in
495 3641 665 3738 cappella
685 3641 804 3712 sancti
823 3639 993 3734 Nycolai,
1016 3666 1120 3715 atam
1145 3646 1332 3740 quandam
1357 3643 1393 3714 in
1413 3643 1531 3714 hono·

365 3757 370 3761 ·
437 3764 517 3811 rem
535 3745 643 3813 beate
656 3741 1003 3836 MarieMagdaiene
1016 3743 1261 3817 consecravit.
1289 3745 1418 3816 Dictus
1433 3767 1529 3839 papa

437 3841 566 3912 relicta
593 3845 662 3912 sub
688 3842 857 3938 deposito
885 3853 992 3940 parte
1018 3845 1185 3917 thesauri
1212 3845 1269 3916 sui
1288 3870 1363 3916 non
1385 3842 1529 3916 modica

438 3941 472 4011 in
501 3941 750 4036 monasteriO,
781 3943 887 4016 dictis
917 3944 1113 4018 comitibus
1140 3947 1176 4017 in
1204 3970 1273 4018 sua
1300 3971 1385 4018 cum
1411 3943 1530 4042 ipsius

436 4041 585 4113 licentia
602 4042 856 4140 redeuntibus,
874 4044 955 4142 ipse
971 4048 1017 4117 de
1032 4046 1169 4118 Sancto
1186 4052 1376 4119 Germano
1392 4048 1532 4120 disces-

437 4143 498 4235 sit,
525 4152 561 4213 et
588 4167 655 4239 per
679 4143 828 4216 Atinum
858 4145 927 4217 iter
954 4146 1115 4238 faciens,
1142 4151 1239 4245 quod
1268 4150 1388 4222 dictus
1416 4150 1532 4220 abbas

437 4241 624 4316 Roffridus
656 4246 828 4339 tenebat,
862 4245 997 4338 Soram,
1023 4269 1064 4318 se
1097 4249 1268 4346 contulit,
1304 4243 1466 4347 indeque
1495 4249 1531 4320 in
