<?xml version="1.0" encoding="UTF-8"?>
<!DOCTYPE html PUBLIC "-//W3C//DTD XHTML 1.0 Transitional//EN"
    "http://www.w3.org/TR/xhtml1/DTD/xhtml1-transitional.dtd">
<html xmlns="http://www.w3.org/1999/xhtml" xml:lang="en" lang="en">
 <head>
  <title>
</title>
<meta http-equiv="Content-Type" content="text/html;charset=utf-8" />
  <meta name='ocr-system' content='tesseract 3.04.00' />
  <meta name='ocr-capabilities' content='ocr_page ocr_carea ocr_par ocr_line ocrx_word'/>
</head>
<body>
  <div class='ocr_page' id='page_1' title='image "./ryccardidesanct00ricagoog_0062.png"; bbox 0 0 3326 5022; ppageno 0'>
   <div class='ocr_carea' id='block_1_1' title="bbox 426 386 1321 515">
    <p class='ocr_par' dir='ltr' id='par_1_1' title="bbox 426 386 1321 515">
     <span class='ocr_line' id='line_1_1' title="bbox 426 386 1321 515; baseline -0.003 0"><span class='ocrx_word' id='word_1_1' title='bbox 426 445 474 515; x_wconf 80' lang='lat' dir='ltr'>u</span> <span class='ocrx_word' id='word_1_2' title='bbox 626 435 909 514; x_wconf 71' lang='lat' dir='ltr'>nicolanus</span> <span class='ocrx_word' id='word_1_3' title='bbox 937 440 997 512; x_wconf 85' lang='lat' dir='ltr'>on</span> <span class='ocrx_word' id='word_1_4' title='bbox 1025 386 1060 512; x_wconf 86' lang='lat' dir='ltr'>s.</span> <span class='ocrx_word' id='word_1_5' title='bbox 1090 439 1321 512; x_wconf 79' lang='lat' dir='ltr'>cunulno</span> 
     </span>
    </p>
   </div>
   <div class='ocr_carea' id='block_1_2' title="bbox 915 638 1038 728">
    <p class='ocr_par' dir='ltr' id='par_1_2' title="bbox 915 638 1038 728">
     <span class='ocr_line' id='line_1_2' title="bbox 915 638 1038 728; baseline -0.008 -4"><span class='ocrx_word' id='word_1_6' title='bbox 915 638 1038 728; x_wconf 80' lang='lat'><strong>1219.</strong></span> 
     </span>
    </p>
   </div>
   <div class='ocr_carea' id='block_1_3' title="bbox 253 771 1638 3596">
    <p class='ocr_par' dir='ltr' id='par_1_3' title="bbox 425 771 1638 1180">
     <span class='ocr_line' id='line_1_3' title="bbox 500 771 1638 878; baseline -0.002 -26"><span class='ocrx_word' id='word_1_7' title='bbox 500 781 578 853; x_wconf 89' lang='lat' dir='ltr'>Hoc</span> <span class='ocrx_word' id='word_1_8' title='bbox 597 805 695 851; x_wconf 94' lang='lat' dir='ltr'>anno</span> <span class='ocrx_word' id='word_1_9' title='bbox 715 779 901 853; x_wconf 90' lang='lat' dir='ltr'>Honorius</span> <span class='ocrx_word' id='word_1_10' title='bbox 921 803 1017 878; x_wconf 90' lang='lat' dir='ltr'>papa</span> <span class='ocrx_word' id='word_1_11' title='bbox 1039 803 1171 852; x_wconf 89' lang='lat' dir='ltr'>mense</span> <span class='ocrx_word' id='word_1_12' title='bbox 1191 781 1282 852; x_wconf 91' lang='lat' dir='ltr'>lunii</span> <span class='ocrx_word' id='word_1_13' title='bbox 1300 782 1437 854; x_wconf 90' lang='lat' dir='ltr'>Urbem</span> <span class='ocrx_word' id='word_1_14' title='bbox 1459 804 1520 851; x_wconf 85' lang='lat' dir='ltr'>ex·</span> <span class='ocrx_word' id='word_1_15' title='bbox 1637 771 1638 828; x_wconf 58' lang='grc' dir='ltr'>ἶ</span> 
     </span>
     <span class='ocr_line' id='line_1_4' title="bbox 425 877 1638 978; baseline 0.001 -26"><span class='ocrx_word' id='word_1_16' title='bbox 425 877 527 977; x_wconf 73' lang='lat' dir='ltr'>iens,</span> <span class='ocrx_word' id='word_1_17' title='bbox 562 881 627 953; x_wconf 92' lang='lat' dir='ltr'>ivit</span> <span class='ocrx_word' id='word_1_18' title='bbox 653 882 789 975; x_wconf 66' lang='lat' dir='ltr'>Reate7</span> <span class='ocrx_word' id='word_1_19' title='bbox 825 881 947 978; x_wconf 85' lang='lat' dir='ltr'>ibique</span> <span class='ocrx_word' id='word_1_20' title='bbox 981 905 1125 953; x_wconf 89' lang='lat' dir='ltr'>moram</span> <span class='ocrx_word' id='word_1_21' title='bbox 1154 881 1297 954; x_wconf 87' lang='lat' dir='ltr'>faciens</span> <span class='ocrx_word' id='word_1_22' title='bbox 1327 885 1521 978; x_wconf 90' lang='lat' dir='ltr'>usquead</span> <span class='ocrx_word' id='word_1_23' title='bbox 1637 889 1638 900; x_wconf 76' lang='grc'>’</span> 
     </span>
     <span class='ocr_line' id='line_1_5' title="bbox 427 981 1638 1077; baseline -0.002 -23"><span class='ocrx_word' id='word_1_24' title='bbox 427 1006 600 1054; x_wconf 90' lang='lat' dir='ltr'>mensem</span> <span class='ocrx_word' id='word_1_25' title='bbox 630 983 820 1077; x_wconf 63' lang='lat' dir='ltr'>OctobriS,</span> <span class='ocrx_word' id='word_1_26' title='bbox 849 981 934 1054; x_wconf 93' lang='lat' dir='ltr'>inde</span> <span class='ocrx_word' id='word_1_27' title='bbox 964 981 1028 1052; x_wconf 90' lang='lat' dir='ltr'>ivit</span> <span class='ocrx_word' id='word_1_28' title='bbox 1053 981 1278 1077; x_wconf 74' lang='lat' dir='ltr'>Viterbium,</span> <span class='ocrx_word' id='word_1_29' title='bbox 1307 992 1344 1054; x_wconf 90' lang='lat' dir='ltr'>et</span> <span class='ocrx_word' id='word_1_30' title='bbox 1369 983 1520 1054; x_wconf 84' lang='lat' dir='ltr'>tandem</span> <span class='ocrx_word' id='word_1_31' title='bbox 1637 1039 1638 1060; x_wconf 28' lang='lat' dir='ltr'>t</span> 
     </span>
     <span class='ocr_line' id='line_1_6' title="bbox 426 1082 1520 1180; baseline -0.001 -26"><span class='ocrx_word' id='word_1_32' title='bbox 426 1084 584 1154; x_wconf 85' lang='lat' dir='ltr'>Romam</span> <span class='ocrx_word' id='word_1_33' title='bbox 605 1106 780 1154; x_wconf 89' lang='lat' dir='ltr'>reversus</span> <span class='ocrx_word' id='word_1_34' title='bbox 801 1092 869 1154; x_wconf 85' lang='lat' dir='ltr'>est.</span> <span class='ocrx_word' id='word_1_35' title='bbox 906 1082 972 1154; x_wconf 87' lang='lat' dir='ltr'>Set</span> <span class='ocrx_word' id='word_1_36' title='bbox 991 1105 1075 1152; x_wconf 88' lang='lat' dir='ltr'>cum</span> <span class='ocrx_word' id='word_1_37' title='bbox 1095 1093 1249 1180; x_wconf 89' lang='lat' dir='ltr'>propter</span> <span class='ocrx_word' id='word_1_38' title='bbox 1265 1083 1520 1154; x_wconf 91' lang='lat' dir='ltr'>Romanorum</span> 
     </span>
    </p>

    <p class='ocr_par' dir='ltr' id='par_1_4' title="bbox 296 1183 1521 1357">
     <span class='ocr_line' id='line_1_7' title="bbox 296 1183 1521 1278; baseline -0.002 -23"><span class='ocrx_word' id='word_1_39' title='bbox 296 1185 297 1188; x_wconf 68' lang='grc'>’</span> <span class='ocrx_word' id='word_1_40' title='bbox 427 1183 621 1256; x_wconf 83' lang='lat' dir='ltr'><strong>molestias</strong></span> <span class='ocrx_word' id='word_1_41' title='bbox 643 1207 730 1254; x_wconf 89' lang='lat' dir='ltr'>esse</span> <span class='ocrx_word' id='word_1_42' title='bbox 750 1183 867 1254; x_wconf 84' lang='lat' dir='ltr'>Rome</span> <span class='ocrx_word' id='word_1_43' title='bbox 887 1206 961 1253; x_wconf 92' lang='lat' dir='ltr'>non</span> <span class='ocrx_word' id='word_1_44' title='bbox 980 1193 1125 1278; x_wconf 59' lang='lat' dir='ltr'>posseb</span> <span class='ocrx_word' id='word_1_45' title='bbox 1154 1194 1307 1255; x_wconf 89' lang='lat' dir='ltr'>coactus</span> <span class='ocrx_word' id='word_1_46' title='bbox 1329 1193 1388 1256; x_wconf 92' lang='lat' dir='ltr'>est</span> <span class='ocrx_word' id='word_1_47' title='bbox 1409 1183 1521 1254; x_wconf 90' lang='lat' dir='ltr'>Viter-</span> 
     </span>
     <span class='ocr_line' id='line_1_8' title="bbox 427 1285 730 1357; baseline -0.007 -1"><span class='ocrx_word' id='word_1_48' title='bbox 427 1285 527 1357; x_wconf 92' lang='lat' dir='ltr'>bium</span> <span class='ocrx_word' id='word_1_49' title='bbox 548 1307 730 1355; x_wconf 89' lang='lat' dir='ltr'>remeare.</span> 
     </span>
    </p>

    <p class='ocr_par' dir='ltr' id='par_1_5' title="bbox 425 1381 1638 1592">
     <span class='ocr_line' id='line_1_9' title="bbox 502 1381 1522 1480; baseline -0.002 -24"><span class='ocrx_word' id='word_1_50' title='bbox 502 1383 637 1456; x_wconf 82' lang='lat' dir='ltr'>Christi</span> <span class='ocrx_word' id='word_1_51' title='bbox 664 1382 851 1456; x_wconf 86' lang='lat' dir='ltr'>exercitus</span> <span class='ocrx_word' id='word_1_52' title='bbox 869 1381 1024 1454; x_wconf 91' lang='lat' dir='ltr'>lluvium</span> <span class='ocrx_word' id='word_1_53' title='bbox 1043 1391 1253 1456; x_wconf 82' lang='lat' dir='ltr'>transmeat</span> <span class='ocrx_word' id='word_1_54' title='bbox 1271 1383 1456 1480; x_wconf 71' lang='lat' dir='ltr'>Damiate,</span> <span class='ocrx_word' id='word_1_55' title='bbox 1485 1395 1522 1454; x_wconf 91' lang='lat' dir='ltr'>et</span> 
     </span>
     <span class='ocr_line' id='line_1_10' title="bbox 425 1483 1638 1592; baseline -0.002 -36"><span class='ocrx_word' id='word_1_56' title='bbox 425 1484 546 1582; x_wconf 86' lang='lat' dir='ltr'>posita</span> <span class='ocrx_word' id='word_1_57' title='bbox 564 1483 700 1555; x_wconf 88' lang='lat' dir='ltr'>civitati</span> <span class='ocrx_word' id='word_1_58' title='bbox 717 1483 922 1578; x_wconf 57' lang='lat' dir='ltr'>obsidione²</span> <span class='ocrx_word' id='word_1_59' title='bbox 938 1508 1023 1554; x_wconf 90' lang='lat' dir='ltr'>cum</span> <span class='ocrx_word' id='word_1_60' title='bbox 1039 1484 1217 1556; x_wconf 88' lang='lat' dir='ltr'>soldanus</span> <span class='ocrx_word' id='word_1_61' title='bbox 1232 1484 1382 1580; x_wconf 83' lang='lat' dir='ltr'>fugiens</span> <span class='ocrx_word' id='word_1_62' title='bbox 1397 1494 1520 1556; x_wconf 91' lang='lat' dir='ltr'>metus</span> <span class='ocrx_word' id='word_1_63' title='bbox 1637 1563 1638 1592; x_wconf 23' lang='lat' dir='ltr'>p</span> 
     </span>
    </p>

    <p class='ocr_par' dir='ltr' id='par_1_6' title="bbox 329 1584 1520 1680">
     <span class='ocr_line' id='line_1_11' title="bbox 329 1584 1520 1680; baseline -0.002 -23"><span class='ocrx_word' id='word_1_64' title='bbox 329 1668 332 1672; x_wconf 86' lang='lat'>.</span> <span class='ocrx_word' id='word_1_65' title='bbox 427 1609 541 1657; x_wconf 89' lang='lat' dir='ltr'>causa</span> <span class='ocrx_word' id='word_1_66' title='bbox 561 1584 700 1657; x_wconf 90' lang='lat' dir='ltr'>relictis</span> <span class='ocrx_word' id='word_1_67' title='bbox 719 1585 889 1656; x_wconf 90' lang='lat' dir='ltr'>tentoriis</span> <span class='ocrx_word' id='word_1_68' title='bbox 908 1585 945 1655; x_wconf 92' lang='lat' dir='ltr'>in</span> <span class='ocrx_word' id='word_1_69' title='bbox 966 1595 1112 1680; x_wconf 92' lang='lat' dir='ltr'>partem</span> <span class='ocrx_word' id='word_1_70' title='bbox 1129 1585 1286 1656; x_wconf 86' lang='lat' dir='ltr'>alteram</span> <span class='ocrx_word' id='word_1_71' title='bbox 1303 1584 1520 1678; x_wconf 73' lang='lat' dir='ltr'>secesserit,</span> 
     </span>
    </p>

    <p class='ocr_par' dir='ltr' id='par_1_7' title="bbox 330 1683 1613 1883">
     <span class='ocr_line' id='line_1_12' title="bbox 330 1683 1520 1784; baseline 0 -28"><span class='ocrx_word' id='word_1_72' title='bbox 330 1683 344 1708; x_wconf 54' lang='lat'><strong>⁸</strong></span> <span class='ocrx_word' id='word_1_73' title='bbox 426 1696 512 1783; x_wconf 85' lang='lat' dir='ltr'>post</span> <span class='ocrx_word' id='word_1_74' title='bbox 544 1695 692 1780; x_wconf 88' lang='lat' dir='ltr'>strages</span> <span class='ocrx_word' id='word_1_75' title='bbox 724 1683 922 1782; x_wconf 65' lang='lat' dir='ltr'>plurimas7</span> <span class='ocrx_word' id='word_1_76' title='bbox 961 1695 1048 1781; x_wconf 90' lang='lat' dir='ltr'>post</span> <span class='ocrx_word' id='word_1_77' title='bbox 1079 1695 1252 1782; x_wconf 88' lang='lat' dir='ltr'>sumptus</span> <span class='ocrx_word' id='word_1_78' title='bbox 1284 1685 1520 1784; x_wconf 72' lang='lat' dir='ltr'>multiplices⁷</span> 
     </span>
     <span class='ocr_line' id='line_1_13' title="bbox 426 1779 1613 1883; baseline 0.002 -27"><span class='ocrx_word' id='word_1_79' title='bbox 426 1795 514 1883; x_wconf 88' lang='lat' dir='ltr'>post</span> <span class='ocrx_word' id='word_1_80' title='bbox 537 1785 685 1857; x_wconf 88' lang='lat' dir='ltr'>labores</span> <span class='ocrx_word' id='word_1_81' title='bbox 712 1795 749 1856; x_wconf 91' lang='lat' dir='ltr'>et</span> <span class='ocrx_word' id='word_1_82' title='bbox 775 1787 911 1857; x_wconf 92' lang='lat' dir='ltr'>damna</span> <span class='ocrx_word' id='word_1_83' title='bbox 931 1784 1127 1857; x_wconf 89' lang='lat' dir='ltr'>innumera</span> <span class='ocrx_word' id='word_1_84' title='bbox 1148 1809 1280 1857; x_wconf 92' lang='lat' dir='ltr'>mense</span> <span class='ocrx_word' id='word_1_85' title='bbox 1299 1787 1521 1859; x_wconf 84' lang='lat' dir='ltr'>Novembris</span> <span class='ocrx_word' id='word_1_86' title='bbox 1603 1779 1613 1800; x_wconf 76' lang='lat'><strong>⁹</strong></span> 
     </span>
    </p>

    <p class='ocr_par' dir='ltr' id='par_1_8' title="bbox 317 1884 1520 1983">
     <span class='ocr_line' id='line_1_14' title="bbox 317 1884 1520 1983; baseline 0 -25"><span class='ocrx_word' id='word_1_87' title='bbox 317 1888 463 1958; x_wconf 58' lang='lat' dir='ltr'>masin</span> <span class='ocrx_word' id='word_1_88' title='bbox 481 1885 607 1980; x_wconf 90' lang='lat' dir='ltr'>vigilia</span> <span class='ocrx_word' id='word_1_89' title='bbox 621 1885 718 1957; x_wconf 87' lang='lat' dir='ltr'>beati</span> <span class='ocrx_word' id='word_1_90' title='bbox 735 1884 963 1957; x_wconf 72' lang='lat' dir='ltr'>comessoris</span> <span class='ocrx_word' id='word_1_91' title='bbox 978 1885 1174 1981; x_wconf 71' lang='lat' dir='ltr'>Leonardi‚</span> <span class='ocrx_word' id='word_1_92' title='bbox 1194 1887 1352 1983; x_wconf 85' lang='lat' dir='ltr'>optinuit</span> <span class='ocrx_word' id='word_1_93' title='bbox 1369 1889 1520 1960; x_wconf 87' lang='lat' dir='ltr'>tandem</span> 
     </span>
    </p>

    <p class='ocr_par' dir='ltr' id='par_1_9' title="bbox 423 1984 1522 2084">
     <span class='ocr_line' id='line_1_15' title="bbox 423 1984 1522 2084; baseline 0.002 -28"><span class='ocrx_word' id='word_1_94' title='bbox 423 1984 589 2058; x_wconf 76' lang='lat' dir='ltr'>iaciente</span> <span class='ocrx_word' id='word_1_95' title='bbox 607 1986 767 2059; x_wconf 89' lang='lat' dir='ltr'>Domino</span> <span class='ocrx_word' id='word_1_96' title='bbox 786 1985 1010 2082; x_wconf 51' lang='lat' dir='ltr'>Damiatam³</span> <span class='ocrx_word' id='word_1_97' title='bbox 1036 1987 1107 2057; x_wconf 92' lang='lat' dir='ltr'>boc</span> <span class='ocrx_word' id='word_1_98' title='bbox 1125 1986 1208 2084; x_wconf 90' lang='lat' dir='ltr'>ipso</span> <span class='ocrx_word' id='word_1_99' title='bbox 1223 1987 1426 2061; x_wconf 90' lang='lat' dir='ltr'>Albanensi</span> <span class='ocrx_word' id='word_1_100' title='bbox 1447 1988 1522 2084; x_wconf 93' lang='lat' dir='ltr'>epi·</span> 
     </span>
    </p>

    <p class='ocr_par' dir='ltr' id='par_1_10' title="bbox 427 2086 1522 2185">
     <span class='ocr_line' id='line_1_16' title="bbox 427 2086 1522 2185; baseline 0.001 -26"><span class='ocrx_word' id='word_1_101' title='bbox 427 2111 542 2182; x_wconf 89' lang='lat' dir='ltr'>scopo</span> <span class='ocrx_word' id='word_1_102' title='bbox 559 2097 791 2183; x_wconf 86' lang='lat' dir='ltr'>procurante.</span> <span class='ocrx_word' id='word_1_103' title='bbox 821 2086 958 2160; x_wconf 87' lang='lat' dir='ltr'>Civitas</span> <span class='ocrx_word' id='word_1_104' title='bbox 974 2096 1100 2158; x_wconf 90' lang='lat' dir='ltr'>autem</span> <span class='ocrx_word' id='word_1_105' title='bbox 1116 2087 1196 2184; x_wconf 89' lang='lat' dir='ltr'>ipsa</span> <span class='ocrx_word' id='word_1_106' title='bbox 1215 2112 1317 2184; x_wconf 59' lang='lat' dir='ltr'>auro7</span> <span class='ocrx_word' id='word_1_107' title='bbox 1338 2087 1522 2185; x_wconf 86' lang='lat' dir='ltr'>lapidibus</span> 
     </span>
    </p>

    <p class='ocr_par' dir='ltr' id='par_1_11' title="bbox 279 2187 1522 2286">
     <span class='ocr_line' id='line_1_17' title="bbox 279 2187 1522 2286; baseline 0.002 -29"><span class='ocrx_word' id='word_1_108' title='bbox 279 2261 300 2284; x_wconf 10' lang='grc' dir='ltr'>,Δ</span> <span class='ocrx_word' id='word_1_109' title='bbox 426 2187 615 2286; x_wconf 66' lang='lat' dir='ltr'>pretiosis7</span> <span class='ocrx_word' id='word_1_110' title='bbox 642 2187 775 2286; x_wconf 85' lang='lat' dir='ltr'>pannis</span> <span class='ocrx_word' id='word_1_111' title='bbox 804 2187 939 2279; x_wconf 76' lang='lat' dir='ltr'>sericis¹</span> <span class='ocrx_word' id='word_1_112' title='bbox 961 2191 1148 2284; x_wconf 77' lang='lat' dir='ltr'>rebusque</span> <span class='ocrx_word' id='word_1_113' title='bbox 1168 2188 1301 2285; x_wconf 89' lang='lat' dir='ltr'>opimis</span> <span class='ocrx_word' id='word_1_114' title='bbox 1329 2189 1439 2286; x_wconf 90' lang='lat' dir='ltr'>plena</span> <span class='ocrx_word' id='word_1_115' title='bbox 1466 2189 1522 2259; x_wconf 93' lang='lat' dir='ltr'>in·</span> 
     </span>
    </p>

    <p class='ocr_par' dir='ltr' id='par_1_12' title="bbox 253 2287 1638 2588">
     <span class='ocr_line' id='line_1_18' title="bbox 253 2287 1524 2386; baseline 0.003 -28"><span class='ocrx_word' id='word_1_116' title='bbox 253 2289 265 2307; x_wconf 82' lang='lat'><strong><em>‘</em></strong></span> <span class='ocrx_word' id='word_1_117' title='bbox 388 2294 390 2299; x_wconf 80' lang='grc'>’</span> <span class='ocrx_word' id='word_1_118' title='bbox 428 2298 539 2360; x_wconf 87' lang='lat' dir='ltr'>venta</span> <span class='ocrx_word' id='word_1_119' title='bbox 566 2299 636 2384; x_wconf 66' lang='grc' dir='ltr'>θεῖ,</span> <span class='ocrx_word' id='word_1_120' title='bbox 664 2292 709 2361; x_wconf 93' lang='lat' dir='ltr'>de</span> <span class='ocrx_word' id='word_1_121' title='bbox 732 2289 864 2386; x_wconf 89' lang='lat' dir='ltr'>quibus</span> <span class='ocrx_word' id='word_1_122' title='bbox 885 2288 1021 2360; x_wconf 88' lang='lat' dir='ltr'>ditatus</span> <span class='ocrx_word' id='word_1_123' title='bbox 1042 2287 1178 2363; x_wconf 80' lang='lat' dir='ltr'>Christi</span> <span class='ocrx_word' id='word_1_124' title='bbox 1199 2289 1384 2362; x_wconf 87' lang='lat' dir='ltr'>exercitus</span> <span class='ocrx_word' id='word_1_125' title='bbox 1405 2299 1464 2362; x_wconf 91' lang='lat' dir='ltr'>est</span> <span class='ocrx_word' id='word_1_126' title='bbox 1483 2300 1524 2362; x_wconf 90' lang='lat' dir='ltr'>et</span> 
     </span>
     <span class='ocr_line' id='line_1_19' title="bbox 426 2381 1638 2486; baseline -0.002 -21"><span class='ocrx_word' id='word_1_127' title='bbox 426 2388 562 2486; x_wconf 81' lang='lat' dir='ltr'>Egiptii</span> <span class='ocrx_word' id='word_1_128' title='bbox 588 2388 746 2486; x_wconf 86' lang='lat' dir='ltr'>spoliati.</span> <span class='ocrx_word' id='word_1_129' title='bbox 799 2390 854 2461; x_wconf 90' lang='lat' dir='ltr'>De</span> <span class='ocrx_word' id='word_1_130' title='bbox 874 2389 1093 2462; x_wconf 83' lang='lat' dir='ltr'>Sarracenis</span> <span class='ocrx_word' id='word_1_131' title='bbox 1113 2413 1202 2461; x_wconf 88' lang='lat' dir='ltr'>vero</span> <span class='ocrx_word' id='word_1_132' title='bbox 1223 2399 1325 2462; x_wconf 84' lang='lat' dir='ltr'>tanta</span> <span class='ocrx_word' id='word_1_133' title='bbox 1344 2391 1442 2462; x_wconf 85' lang='lat' dir='ltr'>facta</span> <span class='ocrx_word' id='word_1_134' title='bbox 1463 2401 1523 2463; x_wconf 90' lang='lat' dir='ltr'>est</span> <span class='ocrx_word' id='word_1_135' title='bbox 1637 2381 1638 2402; x_wconf 56' lang='lat'>¹</span> 
     </span>
     <span class='ocr_line' id='line_1_20' title="bbox 428 2489 1521 2588; baseline 0.001 -27"><span class='ocrx_word' id='word_1_136' title='bbox 428 2500 590 2586; x_wconf 71' lang='lat' dir='ltr'>strages,</span> <span class='ocrx_word' id='word_1_137' title='bbox 618 2493 712 2588; x_wconf 93' lang='lat' dir='ltr'>quod</span> <span class='ocrx_word' id='word_1_138' title='bbox 733 2489 946 2562; x_wconf 86' lang='lat' dir='ltr'>christianis</span> <span class='ocrx_word' id='word_1_139' title='bbox 965 2489 1057 2587; x_wconf 92' lang='lat' dir='ltr'>ipsis</span> <span class='ocrx_word' id='word_1_140' title='bbox 1076 2489 1272 2588; x_wconf 87' lang='lat' dir='ltr'>displicuit.</span> <span class='ocrx_word' id='word_1_141' title='bbox 1326 2491 1430 2564; x_wconf 88' lang='lat' dir='ltr'>Tunc</span> <span class='ocrx_word' id='word_1_142' title='bbox 1449 2491 1521 2563; x_wconf 93' lang='lat' dir='ltr'>sol-</span> 
     </span>
    </p>

    <p class='ocr_par' dir='ltr' id='par_1_13' title="bbox 397 2590 1522 2688">
     <span class='ocr_line' id='line_1_21' title="bbox 397 2590 1522 2688; baseline 0 -24"><span class='ocrx_word' id='word_1_143' title='bbox 397 2595 546 2664; x_wconf 88' lang='lat' dir='ltr'>-danus</span> <span class='ocrx_word' id='word_1_144' title='bbox 578 2590 659 2688; x_wconf 92' lang='lat' dir='ltr'>ipse</span> <span class='ocrx_word' id='word_1_145' title='bbox 691 2590 816 2662; x_wconf 85' lang='lat' dir='ltr'>furore</span> <span class='ocrx_word' id='word_1_146' title='bbox 849 2613 1053 2682; x_wconf 64' lang='lat' dir='ltr'>accensus,</span> <span class='ocrx_word' id='word_1_147' title='bbox 1094 2615 1222 2664; x_wconf 90' lang='lat' dir='ltr'>muros</span> <span class='ocrx_word' id='word_1_148' title='bbox 1257 2601 1356 2664; x_wconf 89' lang='lat' dir='ltr'>terre</span> <span class='ocrx_word' id='word_1_149' title='bbox 1390 2603 1522 2664; x_wconf 87' lang='lat' dir='ltr'>sancte</span> 
     </span>
    </p>

    <p class='ocr_par' dir='ltr' id='par_1_14' title="bbox 328 2691 1523 2768">
     <span class='ocr_line' id='line_1_22' title="bbox 328 2691 1523 2768; baseline -0.003 0"><span class='ocrx_word' id='word_1_150' title='bbox 328 2758 332 2768; x_wconf 88' lang='grc'><strong><em>,</em></strong></span> <span class='ocrx_word' id='word_1_151' title='bbox 426 2693 658 2765; x_wconf 88' lang='lat' dir='ltr'>lherusalem</span> <span class='ocrx_word' id='word_1_152' title='bbox 679 2693 795 2764; x_wconf 90' lang='lat' dir='ltr'>sterni</span> <span class='ocrx_word' id='word_1_153' title='bbox 814 2694 859 2764; x_wconf 89' lang='lat' dir='ltr'>ad</span> <span class='ocrx_word' id='word_1_154' title='bbox 880 2691 1001 2764; x_wconf 90' lang='lat' dir='ltr'>solum</span> <span class='ocrx_word' id='word_1_155' title='bbox 1021 2691 1108 2764; x_wconf 85' lang='lat' dir='ltr'>fecit</span> <span class='ocrx_word' id='word_1_156' title='bbox 1128 2701 1165 2764; x_wconf 91' lang='lat' dir='ltr'>et</span> <span class='ocrx_word' id='word_1_157' title='bbox 1183 2717 1205 2764; x_wconf 88' lang='lat' dir='ltr'>a</span> <span class='ocrx_word' id='word_1_158' title='bbox 1223 2691 1444 2766; x_wconf 89' lang='lat' dir='ltr'>Sarracenis</span> <span class='ocrx_word' id='word_1_159' title='bbox 1468 2694 1523 2764; x_wconf 91' lang='lat' dir='ltr'>in·</span> 
     </span>
    </p>

    <p class='ocr_par' dir='ltr' id='par_1_15' title="bbox 427 2791 1523 2889">
     <span class='ocr_line' id='line_1_23' title="bbox 427 2791 1523 2889; baseline 0.001 -24"><span class='ocrx_word' id='word_1_160' title='bbox 427 2793 518 2865; x_wconf 89' lang='lat' dir='ltr'>colis</span> <span class='ocrx_word' id='word_1_161' title='bbox 539 2791 674 2883; x_wconf 66' lang='lat' dir='ltr'>deseri,</span> <span class='ocrx_word' id='word_1_162' title='bbox 702 2792 833 2889; x_wconf 85' lang='lat' dir='ltr'>paucis</span> <span class='ocrx_word' id='word_1_163' title='bbox 859 2793 895 2862; x_wconf 94' lang='lat' dir='ltr'>in</span> <span class='ocrx_word' id='word_1_164' title='bbox 921 2817 964 2864; x_wconf 88' lang='lat' dir='ltr'>ea</span> <span class='ocrx_word' id='word_1_165' title='bbox 985 2793 1206 2864; x_wconf 85' lang='lat' dir='ltr'>christicolis</span> <span class='ocrx_word' id='word_1_166' title='bbox 1226 2794 1523 2868; x_wconf 83' lang='lat' dir='ltr'>remanentibus</span> 
     </span>
    </p>

    <p class='ocr_par' dir='ltr' id='par_1_16' title="bbox 426 2892 1524 2992">
     <span class='ocr_line' id='line_1_24' title="bbox 426 2892 1524 2992; baseline 0.002 -27"><span class='ocrx_word' id='word_1_167' title='bbox 426 2893 578 2974; x_wconf 89' lang='lat' dir='ltr'>lnterim</span> <span class='ocrx_word' id='word_1_168' title='bbox 607 2892 798 2964; x_wconf 89' lang='lat' dir='ltr'>christiani</span> <span class='ocrx_word' id='word_1_169' title='bbox 825 2892 1013 2966; x_wconf 86' lang='lat' dir='ltr'>civitatem</span> <span class='ocrx_word' id='word_1_170' title='bbox 1032 2893 1203 2965; x_wconf 89' lang='lat' dir='ltr'>Damiate</span> <span class='ocrx_word' id='word_1_171' title='bbox 1229 2904 1360 2966; x_wconf 88' lang='lat' dir='ltr'>tenent</span> <span class='ocrx_word' id='word_1_172' title='bbox 1379 2905 1417 2967; x_wconf 89' lang='lat' dir='ltr'>et</span> <span class='ocrx_word' id='word_1_173' title='bbox 1434 2918 1524 2992; x_wconf 91' lang='lat' dir='ltr'>pos-</span> 
     </span>
    </p>

    <p class='ocr_par' dir='ltr' id='par_1_17' title="bbox 427 2992 1524 3092">
     <span class='ocr_line' id='line_1_25' title="bbox 427 2992 1524 3092; baseline 0.002 -26"><span class='ocrx_word' id='word_1_174' title='bbox 427 2995 563 3088; x_wconf 69' lang='lat' dir='ltr'>sident,</span> <span class='ocrx_word' id='word_1_175' title='bbox 591 2994 627 3065; x_wconf 78' lang='lat' dir='ltr'>e&#39;t</span> <span class='ocrx_word' id='word_1_176' title='bbox 653 2996 698 3064; x_wconf 89' lang='lat' dir='ltr'>ab</span> <span class='ocrx_word' id='word_1_177' title='bbox 723 2992 823 3064; x_wconf 92' lang='lat' dir='ltr'>omni</span> <span class='ocrx_word' id='word_1_178' title='bbox 844 2994 1018 3090; x_wconf 89' lang='lat' dir='ltr'>spurcitia</span> <span class='ocrx_word' id='word_1_179' title='bbox 1039 3017 1273 3092; x_wconf 85' lang='lat' dir='ltr'>paganorum</span> <span class='ocrx_word' id='word_1_180' title='bbox 1294 2999 1524 3068; x_wconf 87' lang='lat' dir='ltr'>mundantes</span> 
     </span>
    </p>

    <p class='ocr_par' dir='ltr' id='par_1_18' title="bbox 428 3093 1526 3189">
     <span class='ocr_line' id='line_1_26' title="bbox 428 3093 1526 3189; baseline 0.003 -23"><span class='ocrx_word' id='word_1_181' title='bbox 428 3097 607 3189; x_wconf 73' lang='lat' dir='ltr'>eandem7</span> <span class='ocrx_word' id='word_1_182' title='bbox 637 3103 857 3165; x_wconf 86' lang='lat' dir='ltr'>construunt</span> <span class='ocrx_word' id='word_1_183' title='bbox 882 3097 917 3165; x_wconf 90' lang='lat' dir='ltr'>in</span> <span class='ocrx_word' id='word_1_184' title='bbox 948 3119 992 3166; x_wconf 88' lang='lat' dir='ltr'>ea</span> <span class='ocrx_word' id='word_1_185' title='bbox 1022 3093 1202 3168; x_wconf 79' lang='lat' dir='ltr'>eeclesias</span> <span class='ocrx_word' id='word_1_186' title='bbox 1231 3099 1275 3168; x_wconf 92' lang='lat' dir='ltr'>ad</span> <span class='ocrx_word' id='word_1_187' title='bbox 1303 3096 1456 3169; x_wconf 90' lang='lat' dir='ltr'>laudem</span> <span class='ocrx_word' id='word_1_188' title='bbox 1486 3108 1526 3169; x_wconf 90' lang='lat' dir='ltr'>et</span> 
     </span>
    </p>

    <p class='ocr_par' dir='ltr' id='par_1_19' title="bbox 427 3193 1525 3288">
     <span class='ocr_line' id='line_1_27' title="bbox 427 3193 1525 3288; baseline 0.003 -22"><span class='ocrx_word' id='word_1_189' title='bbox 427 3194 584 3288; x_wconf 83' lang='lat' dir='ltr'>gloriam</span> <span class='ocrx_word' id='word_1_190' title='bbox 606 3193 767 3266; x_wconf 93' lang='lat' dir='ltr'>nominis</span> <span class='ocrx_word' id='word_1_191' title='bbox 786 3195 871 3269; x_wconf 81' lang='lat' dir='ltr'>lesu</span> <span class='ocrx_word' id='word_1_192' title='bbox 891 3195 1037 3268; x_wconf 83' lang='lat' dir='ltr'>Christi.</span> <span class='ocrx_word' id='word_1_193' title='bbox 1078 3195 1264 3268; x_wconf 93' lang='lat' dir='ltr'>Soldanus</span> <span class='ocrx_word' id='word_1_194' title='bbox 1286 3221 1374 3268; x_wconf 90' lang='lat' dir='ltr'>vero</span> <span class='ocrx_word' id='word_1_195' title='bbox 1395 3197 1525 3269; x_wconf 89' lang='lat' dir='ltr'>animo</span> 
     </span>
    </p>

    <p class='ocr_par' dir='ltr' id='par_1_20' title="bbox 426 3295 1526 3396">
     <span class='ocr_line' id='line_1_28' title="bbox 426 3295 1526 3396; baseline 0.001 -27"><span class='ocrx_word' id='word_1_196' title='bbox 426 3297 641 3388; x_wconf 91' lang='lat' dir='ltr'>viribusque</span> <span class='ocrx_word' id='word_1_197' title='bbox 660 3296 877 3394; x_wconf 69' lang='lat' dir='ltr'>resumptis,</span> <span class='ocrx_word' id='word_1_198' title='bbox 905 3295 1128 3369; x_wconf 86' lang='lat' dir='ltr'>christianos</span> <span class='ocrx_word' id='word_1_199' title='bbox 1156 3321 1229 3368; x_wconf 92' lang='lat' dir='ltr'>non</span> <span class='ocrx_word' id='word_1_200' title='bbox 1255 3308 1382 3370; x_wconf 89' lang='lat' dir='ltr'>cessat</span> <span class='ocrx_word' id='word_1_201' title='bbox 1400 3322 1526 3396; x_wconf 90' lang='lat' dir='ltr'>usque</span> 
     </span>
    </p>

    <p class='ocr_par' dir='ltr' id='par_1_21' title="bbox 426 3396 1525 3596">
     <span class='ocr_line' id='line_1_29' title="bbox 427 3396 1525 3496; baseline 0.002 -27"><span class='ocrx_word' id='word_1_202' title='bbox 427 3401 472 3470; x_wconf 90' lang='lat' dir='ltr'>ad</span> <span class='ocrx_word' id='word_1_203' title='bbox 504 3421 667 3494; x_wconf 82' lang='lat' dir='ltr'>aggeres</span> <span class='ocrx_word' id='word_1_204' title='bbox 702 3397 833 3469; x_wconf 87' lang='lat' dir='ltr'>cotidie</span> <span class='ocrx_word' id='word_1_205' title='bbox 867 3396 1107 3496; x_wconf 68' lang='lat' dir='ltr'>impugnare,</span> <span class='ocrx_word' id='word_1_206' title='bbox 1143 3399 1281 3471; x_wconf 91' lang='lat' dir='ltr'>nostris</span> <span class='ocrx_word' id='word_1_207' title='bbox 1316 3409 1444 3473; x_wconf 90' lang='lat' dir='ltr'>tamen</span> <span class='ocrx_word' id='word_1_208' title='bbox 1478 3423 1525 3472; x_wconf 90' lang='lat' dir='ltr'>se</span> 
     </span>
     <span class='ocr_line' id='line_1_30' title="bbox 426 3498 1338 3596; baseline 0 -26"><span class='ocrx_word' id='word_1_209' title='bbox 426 3498 580 3596; x_wconf 73' lang='lat' dir='ltr'>uiriliter</span> <span class='ocrx_word' id='word_1_210' title='bbox 597 3498 787 3572; x_wconf 88' lang='lat' dir='ltr'>tuentibus</span> <span class='ocrx_word' id='word_1_211' title='bbox 808 3509 844 3569; x_wconf 90' lang='lat' dir='ltr'>et</span> <span class='ocrx_word' id='word_1_212' title='bbox 862 3499 1075 3571; x_wconf 91' lang='lat' dir='ltr'>tenentibus</span> <span class='ocrx_word' id='word_1_213' title='bbox 1096 3509 1224 3570; x_wconf 87' lang='lat' dir='ltr'>contra</span> <span class='ocrx_word' id='word_1_214' title='bbox 1244 3499 1338 3572; x_wconf 87' lang='lat' dir='ltr'>illos.</span> 
     </span>
    </p>
   </div>
   <div class='ocr_carea' id='block_1_4' title="bbox 914 3699 1037 3790">
    <p class='ocr_par' dir='ltr' id='par_1_22' title="bbox 914 3699 1037 3790">
     <span class='ocr_line' id='line_1_31' title="bbox 914 3699 1037 3790; baseline -0.016 -4"><span class='ocrx_word' id='word_1_215' title='bbox 914 3699 1037 3790; x_wconf 79' lang='lat'>1220.</span> 
     </span>
    </p>
   </div>
   <div class='ocr_carea' id='block_1_5' title="bbox 426 3849 1531 4359">
    <p class='ocr_par' dir='ltr' id='par_1_23' title="bbox 426 3849 1529 4150">
     <span class='ocr_line' id='line_1_32' title="bbox 501 3849 1526 3952; baseline -0.002 -26"><span class='ocrx_word' id='word_1_216' title='bbox 501 3853 688 3926; x_wconf 90' lang='lat' dir='ltr'>Honorius</span> <span class='ocrx_word' id='word_1_217' title='bbox 715 3877 810 3952; x_wconf 87' lang='lat' dir='ltr'>papa</span> <span class='ocrx_word' id='word_1_218' title='bbox 832 3877 965 3926; x_wconf 88' lang='lat' dir='ltr'>mense</span> <span class='ocrx_word' id='word_1_219' title='bbox 984 3849 1075 3926; x_wconf 92' lang='lat' dir='ltr'>lunii</span> <span class='ocrx_word' id='word_1_220' title='bbox 1095 3879 1116 3926; x_wconf 91' lang='lat' dir='ltr'>a</span> <span class='ocrx_word' id='word_1_221' title='bbox 1135 3854 1298 3928; x_wconf 91' lang='lat' dir='ltr'>Viterbio</span> <span class='ocrx_word' id='word_1_222' title='bbox 1317 3855 1362 3925; x_wconf 90' lang='lat' dir='ltr'>ad</span> <span class='ocrx_word' id='word_1_223' title='bbox 1382 3851 1526 3926; x_wconf 91' lang='lat' dir='ltr'>Urbem</span> 
     </span>
     <span class='ocr_line' id='line_1_33' title="bbox 426 3953 1529 4054; baseline -0.001 -29"><span class='ocrx_word' id='word_1_224' title='bbox 426 3958 602 4028; x_wconf 89' lang='lat' dir='ltr'>Veterem</span> <span class='ocrx_word' id='word_1_225' title='bbox 623 3954 734 4050; x_wconf 67' lang='lat' dir='ltr'>vadit,</span> <span class='ocrx_word' id='word_1_226' title='bbox 759 3965 797 4026; x_wconf 88' lang='lat' dir='ltr'>et</span> <span class='ocrx_word' id='word_1_227' title='bbox 815 3955 911 4027; x_wconf 83' lang='lat' dir='ltr'>circa</span> <span class='ocrx_word' id='word_1_228' title='bbox 930 3953 1045 4027; x_wconf 86' lang='lat' dir='ltr'>finem</span> <span class='ocrx_word' id='word_1_229' title='bbox 1065 3955 1298 4054; x_wconf 87' lang='lat' dir='ltr'>Septembris</span> <span class='ocrx_word' id='word_1_230' title='bbox 1317 3953 1529 4028; x_wconf 90' lang='lat' dir='ltr'>Viterbium</span> 
     </span>
     <span class='ocr_line' id='line_1_34' title="bbox 426 4055 1215 4150; baseline 0.005 -25"><span class='ocrx_word' id='word_1_231' title='bbox 426 4057 588 4150; x_wconf 64' lang='lat' dir='ltr'>rediens7</span> <span class='ocrx_word' id='word_1_232' title='bbox 617 4055 751 4128; x_wconf 87' lang='lat' dir='ltr'>exinde</span> <span class='ocrx_word' id='word_1_233' title='bbox 771 4056 928 4128; x_wconf 87' lang='lat' dir='ltr'>Romam</span> <span class='ocrx_word' id='word_1_234' title='bbox 948 4081 1126 4130; x_wconf 88' lang='lat' dir='ltr'>reversus</span> <span class='ocrx_word' id='word_1_235' title='bbox 1147 4067 1215 4129; x_wconf 91' lang='lat' dir='ltr'>est.</span> 
     </span>
    </p>

    <p class='ocr_par' dir='ltr' id='par_1_24' title="bbox 428 4156 1531 4359">
     <span class='ocr_line' id='line_1_35' title="bbox 503 4156 1531 4253; baseline -0.003 -25"><span class='ocrx_word' id='word_1_236' title='bbox 503 4156 722 4228; x_wconf 86' lang='lat' dir='ltr'>Fredericus</span> <span class='ocrx_word' id='word_1_237' title='bbox 750 4181 816 4228; x_wconf 88' lang='lat' dir='ltr'>rex</span> <span class='ocrx_word' id='word_1_238' title='bbox 842 4167 997 4229; x_wconf 87' lang='lat' dir='ltr'>vocatus</span> <span class='ocrx_word' id='word_1_239' title='bbox 1024 4181 1044 4228; x_wconf 93' lang='lat' dir='ltr'>a</span> <span class='ocrx_word' id='word_1_240' title='bbox 1070 4181 1180 4253; x_wconf 71' lang='lat' dir='ltr'>papa,</span> <span class='ocrx_word' id='word_1_241' title='bbox 1208 4156 1311 4229; x_wconf 89' lang='lat' dir='ltr'>venit</span> <span class='ocrx_word' id='word_1_242' title='bbox 1330 4178 1414 4227; x_wconf 88' lang='lat' dir='ltr'>eum</span> <span class='ocrx_word' id='word_1_243' title='bbox 1437 4178 1531 4226; x_wconf 91' lang='lat' dir='ltr'>con-</span> 
     </span>
     <span class='ocr_line' id='line_1_36' title="bbox 428 4255 1531 4359; baseline 0 -33"><span class='ocrx_word' id='word_1_244' title='bbox 428 4267 529 4327; x_wconf 89' lang='lat' dir='ltr'>sorte</span> <span class='ocrx_word' id='word_1_245' title='bbox 558 4281 625 4328; x_wconf 88' lang='lat' dir='ltr'>sua</span> <span class='ocrx_word' id='word_1_246' title='bbox 653 4256 871 4329; x_wconf 90' lang='lat' dir='ltr'>Constantia</span> <span class='ocrx_word' id='word_1_247' title='bbox 902 4260 946 4328; x_wconf 89' lang='lat' dir='ltr'>ad</span> <span class='ocrx_word' id='word_1_248' title='bbox 977 4281 1174 4354; x_wconf 63' lang='lat' dir='ltr'>coronam7</span> <span class='ocrx_word' id='word_1_249' title='bbox 1212 4257 1341 4330; x_wconf 88' lang='lat' dir='ltr'>relicto</span> <span class='ocrx_word' id='word_1_250' title='bbox 1374 4255 1410 4327; x_wconf 95' lang='lat' dir='ltr'>in</span> <span class='ocrx_word' id='word_1_251' title='bbox 1437 4255 1531 4359; x_wconf 78' lang='lat' dir='ltr'>Ala-</span> 
     </span>
    </p>
   </div>
   <div class='ocr_carea' id='block_1_6' title="bbox 0 0 1670 5022">
    <p class='ocr_par' dir='ltr' id='par_1_25' title="bbox 0 0 1670 5022">
     <span class='ocr_line' id='line_1_37' title="bbox 0 0 1670 5022; baseline 0 0"><span class='ocrx_word' id='word_1_252' title='bbox 0 0 1670 5022; x_wconf 95' lang='lat' dir='ltr'> </span> 
     </span>
    </p>
   </div>
  </div>
 </body>
</html>
