3326 5022
593 383 632 457 A.
664 385 771 462 1214.
1186 383 1233 454 35

140 585 376 678 Damascum,
404 591 570 656 sanctam
591 583 807 654 iherusalem
831 588 993 652 ettotam
1014 588 1148 654 terram
1169 603 1235 675 quo

140 689 207 772 tuit
225 686 516 776 christianorum,
530 683 848 778 pretermodtcom
865 705 972 776 quom
990 681 1107 754 adime
1121 687 1239 755 terrent

141 788 337 876 christiani,
357 794 444 879 (μηθ’
462 791 545 855 suut
562 787 652 855 inter
669 785 827 857 civitates
841 785 1052 856 munitiones
1067 789 1100 854 et
1113 790 1236 862 eastra

139 888 219 982 pins
247 885 289 958 rte
316 887 488 956 trecentis.
533 885 666 956 Tertius
684 883 775 970 filius
794 890 845 954 est
864 886 1004 956 nomine
1024 883 1238 976 [tteilsutuys⁷

143 987 181 1060 id
199 993 251 1058 est
267 984 431 1080 orandis,
458 987 516 1080 qai
534 991 624 1074 tenet
642 991 775 1056 terram
795 1007 861 1080 que
880 985 1008 1056 dicitur
1027 984 1070 1055 de
1088 983 1239 1060 tametio

146 1111 225 1158 oum
245 1092 321 1157 tota
342 1085 416 1156 alia
434 1087 631 1180 prouincia,
660 1109 725 1178 qne
743 1091 826 1156 snat
842 1087 933 1156 inter
950 1087 1161 1157 munitiones
1181 1083 1240 1156 uii-

144 1188 200 1260 tos
219 1193 251 1256 et
269 1192 393 1258 costra
410 1185 491 1279 pius
510 1186 552 1256 ete
571 1187 850 1280 quadrinqentis.
903 1185 1061 1272 Quartus
1078 1185 1169 1274 fitius
1189 1190 1241 1256 est

143 1289 284 1359 nomine
304 1285 560 1378 Melkemoda'm
579 1285 617 1356 id
635 1293 688 1356 est
704 1309 858 1377 arnonas
877 1286 1052 1378 donamus,
1073 1288 1132 1380 qai
1150 1291 1244 1359 tenet

146 1411 293 1484 reanum
313 1385 447 1458 Doosie
466 1410 544 1460 cum
565 1389 862 1478 omnipotentatu
881 1409 958 1478 suo,
979 1409 1044 1480 qrro
1062 1393 1147 1456 sunt
1161 1385 1242 1478 ptus

148 1489 191 1562 de
218 1486 489 1582 quadrinqentis
511 1487 602 1558 inter
628 1486 787 1557 civitates
813 1487 1025 1560 munitiones
1049 1493 1082 1558 et
1106 1492 1241 1560 eastra.

149 1589 297 1674 Quintus
322 1586 414 1672 fitius
439 1593 492 1658 est
513 1588 652 1660 nomine
671 1585 959 1680 Mettisoiaptrat,
987 1588 1046 1683 qui
1065 1591 1195 1681 reynat
1211 1591 1244 1661 et

147 1695 238 1759 tenet
262 1694 396 1758 terram
423 1687 465 1758 de
491 1686 618 1777 Sanco,
646 1686 707 1758 abi
730 1689 799 1771 fait
824 1689 963 1760 occisas
980 1685 1067 1758 Atrei
1093 1711 1116 1760 a
1143 1687 1242 1779 Cnyu
1345 1743 1348 1749 A
1384 1701 1385 1704 ’

147 1791 264 1874 fratre
282 1810 359 1879 sao,
388 1789 423 1858 in
446 1810 515 1882 quo
535 1810 645 1882 roano
663 1793 748 1860 sunt
763 1790 959 1882 ootinyente
977 1791 1067 1861 inter
1084 1789 1245 1860 ciuitates

149 1891 357 1960 munitiones
384 1895 419 1958 et
443 1893 568 1960 eastra
593 1887 716 1980 piano.
770 1887 898 1962 Sontas
916 1889 1008 1976 fitius
1026 1895 1079 1960 est
1096 1887 1244 1960 Macho-

149 1995 277 2081 metus,
314 1989 373 2083 qui
397 1995 488 2060 tenet
514 2011 661 2082 reynam
688 1987 731 2060 de
757 1989 941 2080 Baioarii,
975 1990 1035 2060 ubi
1066 1995 1118 2060 est
1143 2013 1243 2082 porra

150 2089 439 2160 Sarracenorum
469 2088 666 2181 Cuiipiiius,
694 2091 753 2184 qui
776 2090 903 2160 colitur
931 2093 1071 2162 timetur
1098 2095 1133 2162 et
1156 2089 1245 2162 arto-

64 2278 68 2285 ·
152 2196 255 2262 ratur
273 2197 458 2284 tamquam
478 2188 664 2262 Romanus
687 2191 848 2282 pontifex
872 2193 906 2261 iu
932 2191 1159 2286 tenerorum,
1187 2190 1246 2284 qui

150 2313 220 2362 non
246 2295 361 2382 potest
382 2287 493 2360 uideri
517 2289 660 2360 nisibis
685 2291 721 2360 in
746 2313 873 2383 mense,
902 2291 1048 2386 qnando
1074 2315 1152 2362 oum
1172 2291 1246 2362 suis

153 2388 252 2460 ondit
276 2387 326 2460 ad
344 2387 548 2482 Maqometh
567 2389 669 2460 deum
690 2389 990 2483 Sarracenorum,
1018 2399 1051 2464 et
1076 2391 1245 2462 inclinato

153 2491 268 2584 capite
295 2494 329 2558 et
351 2491 514 2559 oratione
537 2492 640 2573 faeta
664 2513 728 2563 suo
749 2515 846 2564 more
865 2491 1118 2584 Sarracenioo5
1147 2495 1246 2562 unte·

155 2613 262 2685 qaam
290 2588 454 2680 tempium
481 2596 619 2682 aaroni,
646 2591 828 2684 splendide
852 2593 1039 2664 comedant
1064 2593 1246 2683 attribuat,

156 2697 189 2761 et
214 2691 264 2761 sio
291 2695 487 2760 coronatus
505 2692 690 2764 reuertitur
707 2692 743 2762 iu
762 2691 906 2764 domum
924 2716 1029 2764 suam
1048 2717 1127 2764 eam
1146 2697 1248 2787 yente

155 2813 234 2862 sua.
272 2789 339 2862 Iste
354 2789 440 2860 deus
454 2789 661 2885 Moaometn
679 2792 844 2862 visitatur
862 2791 988 2864 cotidie
1007 2799 1041 2863 et
1058 2793 1248 2881 adoratur,

156 2893 245 2962 sicut
264 2892 427 2962 visitatur
445 2896 479 2962 et
496 2891 675 2974 odoratur
687 2891 862 2964 Dominus
876 2895 1065 2982 crucifiuus
1080 2892 1248 2988 upoputo

156 2991 359 3062 christiano.
391 2991 432 3062 In
450 2993 519 3064 isto
535 2993 675 3064 sinitote
690 2993 855 3066 Batrtnotr
871 3001 924 3065 est
933 3019 1033 3088 papa
1050 2993 1250 3090 Cutiptrius5

159 3094 283 3163 civitas
306 3095 375 3162 ista
401 3098 509 3188 caput
528 3098 579 3165 est
597 3095 704 3164 totius
722 3094 808 3188 lenis
825 3093 1085 3190 Ayorenorum.
1139 3095 1251 3192 Septi·

158 3216 237 3263 mus
254 3191 346 3278 tilius
364 3200 414 3264 est
433 3195 574 3266 nornine
592 3192 780 3286 Sataphnt.
815 3195 884 3268 Hic
902 3220 973 3267 uon
991 3195 1100 3268 habet
1115 3197 1251 3288 specio·
1341 3258 1343 3263 .

160 3292 225 3363 torn
251 3299 396 3378 terrum,
421 3299 477 3368 set
497 3317 636 3386 semper
660 3301 713 3365 est
736 3321 815 3368 curn
831 3303 937 3389 patre
955 3319 1021 3370 suo
1041 3295 1251 3389 Sephedino.

159 3393 227 3462 Iste
245 3399 366 3485 portat
385 3393 545 3465 veniliam
565 3417 689 3464 coram
706 3402 812 3488 patre
835 3419 912 3488 suo,
940 3395 1085 3492 quando
1108 3397 1253 3490 equitat.

162 3493 224 3564 Cui
242 3495 479 3588 unusquisque
495 3499 653 3579 fratrum
672 3496 819 3590 sinyuiis
837 3499 941 3568 nanis
953 3520 1021 3590 pro
1036 3501 1132 3568 certo
1146 3517 1253 3566 censu

164 3590 347 3683 dianitntis
377 3617 438 3664 sue
469 3598 685 3682 transmittit¹
707 3596 799 3668 mitte
822 3603 1080 3670 sarracenatos
1106 3601 1140 3668 et
1163 3595 1254 3669 duos

165 3689 368 3764 destrarios
394 3693 478 3764 bene
501 3702 668 3786 paratos.
712 3697 931 3793 Septieiiinus
956 3696 1102 3794 quondo
1122 3697 1256 3788 equitat

164 3798 298 3862 terram
326 3796 358 3860 et
384 3793 504 3866 visitat
526 3793 617 3879 titios
641 3821 726 3868 snos
751 3797 956 3894 prephatos,
983 3796 1112 3870 incedit
1138 3795 1254 3868 uetusto

164 3892 279 3983 capite
298 3889 341 3962 de
359 3915 429 3962 uno
449 3896 603 3966 eromito
623 3897 740 3969 rubeo.
786 3901 849 3971 Cui
866 3921 987 3970 omnes
1004 3897 1067 3985 atii
1083 3896 1256 3970 inclinant

166 3998 292 4085 quatri·
311 3992 362 4064 nd
379 3999 526 4088 terram,
546 4001 579 4066 et
593 4005 720 4068 essunt
732 3999 764 4067 ei
777 3998 915 4069 obuiam
927 4022 995 4092 per
1007 4022 1070 4070 sea
1084 3998 1254 4090 miliario,

164 4150 188 4221 a)
207 4155 244 4204 ita
263 4153 363 4219 eodan,
384 4154 482 4208 scilieet
500 4154 620 4208 civitates
640 4160 688 4209 eto,
727 4155 784 4210 Non
805 4161 889 4209 nutem
908 4155 963 4225 qui,
982 4161 1011 4209 nt
1028 4161 1176 4212 anteriores
1195 4160 1256 4212 ear-

165 4229 235 4276 tores
255 4227 390 4294 dederunt,
410 4229 509 4280 seilicet
528 4228 674 4282 christiani.
