3352 5026
535 449 576 518 A.
608 447 851 522 1237.-1238.
1168 451 1237 526 135

145 651 256 722 niam.
306 649 386 721 Hoc
403 669 538 719 mense
563 645 600 717 in
626 645 763 720 Casino
789 644 1000 717 celebratur
1025 645 1171 745 electio,
1199 660 1238 722 et

143 751 229 849 quia
254 749 292 820 in
320 747 495 843 eligendo
522 746 698 820 monachi
723 744 926 819 convenire
951 769 1026 817 non
1051 757 1238 845 poterant,

142 863 228 924 vota
247 872 315 920 sua
335 851 518 921 dederunt
536 871 670 920 omnes
692 846 729 918 in
750 845 1076 944 archiepiscopum
1094 847 1237 922 Messa-

143 973 316 1046 nensem,
343 957 383 1020 ut
400 947 482 1046 ipse
502 973 618 1021 unum
638 971 750 1065 quem
769 947 884 1021 vellet
901 950 947 1022 de
966 947 1112 1045 gremio
1132 973 1238 1022 assu·

143 1060 265 1124 maret
282 1047 512 1122 monasterii.

217 1171 348 1242 Mense
366 1167 446 1240 lulii
466 1169 660 1244 Conradus
679 1191 746 1240 rex
763 1166 862 1240 lilius
881 1167 1120 1264 imperatoris
1147 1179 1238 1268 aput

141 1272 328 1343 Veronam
356 1269 458 1341 venit
483 1273 527 1342 ad
553 1278 700 1366 patrem
721 1292 806 1340 curn
826 1267 1054 1366 principibus
1075 1279 1113 1342 et
1131 1295 1236 1342 exer·

142 1371 216 1444 citu
232 1371 403 1468 copioso,
424 1394 509 1442 curn
526 1393 599 1468 quo
616 1392 658 1442 se
674 1371 900 1443 Cremonam
920 1369 1132 1466 conferens,
1150 1370 1236 1444 inde

142 1471 302 1544 feliciter
319 1471 356 1542 in
373 1470 604 1544 obsidionem
618 1469 753 1542 Brexie
767 1468 1001 1568 properavit:
1021 1480 1110 1568 aput
1124 1470 1237 1542 Vero·

142 1596 231 1644 nam
259 1572 373 1644 etiam
398 1571 623 1668 magistrum
647 1573 781 1643 domus
807 1569 1110 1666 Teutonicorum,
1137 1569 1237 1643 inlir·

144 1697 248 1744 mum
267 1675 488 1745 redeuntem
508 1675 553 1744 de
568 1671 735 1768 partibus
750 1670 1007 1768 Ultramontis,
1026 1670 1158 1770 recipit
1170 1671 1237 1744 im-

143 1783 303 1872 perator.
331 1773 411 1846 Hoc
425 1797 559 1846 manse
573 1773 690 1846 frater
703 1772 890 1847 lohannes
905 1775 1119 1870 CapuanuS,
1134 1773 1237 1848 Casi-

142 1874 272 1948 nansis
298 1875 521 1974 monachus,
548 1873 585 1946 in
613 1878 787 1948 abbatem
815 1873 942 1952 Sancti
961 1873 1166 1948 Salvatoris
1190 1876 1236 1949 de

142 1975 291 2050 Telesia
318 2000 387 2074 per
410 2000 550 2074 papam
570 1975 794 2072 Gregorium
813 1985 904 2074 aput
919 1976 1131 2072 Anagniam
1151 1999 1236 2049 con·

141 2087 314 2150 sacratus
334 2086 402 2148 est.

216 2193 350 2265 Mense
364 2191 523 2288 Augusti
537 2191 722 2265 Henricus
737 2194 784 2264 de
797 2191 920 2264 Morro
936 2193 1118 2290 magister
1134 2193 1237 2266 iusti·

141 2292 272 2366 tiarius
301 2295 347 2366 de
374 2293 596 2365 Lombardia
622 2292 718 2365 redit
743 2291 779 2363 in
799 2316 970 2389 regnum.
1023 2295 1102 2365 Hoc
1122 2293 1235 2367 etiam

142 2417 277 2467 mense
296 2392 416 2466 dictus
433 2395 547 2466 abbas
563 2393 690 2466 Sancti
705 2393 911 2467 Salvatoris
927 2391 1142 2467 infirmitate
1158 2418 1236 2467 cor-

141 2505 273 2594 reptus
292 2494 392 2568 obiit.
432 2493 718 2567 Panormitanus
739 2493 1062 2594 archiepiscopus,
1091 2495 1237 2594 episco-

142 2621 213 2694 pus
240 2595 421 2694 ReginuS,
447 2594 559 2667 iudex
578 2594 750 2669 Taddeus
770 2598 815 2667 de
835 2595 979 2668 Suessa
999 2607 1036 2669 et
1054 2595 1238 2694 magister

141 2697 354 2795 Roggerius
374 2695 621 2769 Portastrella
641 2699 686 2768 de
702 2695 925 2768 Lombardia
944 2700 989 2769 ab
1007 2696 1237 2794 imperatore

142 2801 188 2870 ad
213 2822 354 2897 papam
377 2807 467 2895 aput
492 2797 702 2894 Anagniam
728 2796 846 2868 nuntii
874 2796 1028 2870 veniunt
1055 2821 1123 2896 pro
1142 2821 1237 2896 pace

141 2898 241 2971 inter
259 2897 461 2972 ecclesiam
481 2907 518 2970 et
535 2896 735 2996 imperium
762 2898 1019 2994 reformanda,
1046 2923 1132 2971 cum
1159 2899 1237 2998 qui·

140 3004 211 3073 bus
237 3023 305 3098 pro
334 3009 440 3098 parte
469 2998 630 3073 ecclesie
648 2998 909 3072 Messanensis
928 2999 1236 3100 archiepiscopus

141 3103 187 3174 ad
205 3101 475 3200 imperatorem
494 3100 664 3198 dirigitur
681 3101 914 3200 responsalis
934 3125 954 3173 a
973 3126 1082 3201 papa.

216 3221 397 3318 Magister
411 3223 545 3292 domus
561 3221 855 3294 Alamannorum
869 3220 1069 3294 Salernum
1089 3244 1131 3294 se
1150 3245 1236 3294 con·

119 3315 214 3392 'lert
232 3345 299 3416 pro
320 3321 479 3392 sanitate
498 3323 768 3416 recuperanda.

153 3519 156 3526 ,
216 3437 350 3510 Mense
361 3435 595 3533 Septembris
609 3435 827 3534 imperatrix
841 3434 1121 3510 deLombardia
1134 3435 1237 3508 venit

141 3537 180 3610 in
207 3560 381 3634 regnum,
409 3545 447 3608 et
471 3545 562 3634 aput
578 3536 730 3610 Adriam
750 3536 855 3635 eligit
871 3536 978 3612 iussu
996 3535 1235 3635 imperatoris

140 3640 267 3712 facere
287 3636 499 3710 stationem.

216 3753 349 3836 lllense
364 3761 535 3836 Octobris
552 3761 757 3859 Gregorius
776 3787 874 3862 papa
893 3765 939 3836 de
953 3761 1123 3860 Anagnia
1138 3761 1235 3835 redit

142 3867 188 3939 ad
206 3865 359 3960 Urbem,
379 3863 440 3936 ubi
458 3861 545 3934 novi
565 3863 755 3936 constituti
775 3873 863 3938 sunt
881 3875 1092 3958 senatores,
1115 3861 1236 3936 silicet

140 3967 329 4039 lohannes
349 3967 395 4038 de
413 3964 503 4058 Poly
522 3974 560 4036 et
578 4017 752 4037 ........
784 3965 1003 4062 lmperator,
1033 3973 1178 4036 vastata
1196 3965 1234 4036 in

143 4067 387 4140 exterioribus
405 4063 553 4162 Brexia,
575 4067 620 4137 ab
641 4063 721 4138 eius
741 4064 934 4138 obsidione
953 4064 1104 4138 recedit.
1141 4065 1235 4138 Con-

142 4170 253 4242 radus
278 4167 378 4241 filius
406 4167 486 4240 eius
515 4166 551 4238 in
577 4165 839 4238 Alamanniam
867 4165 981 4263 redit,
1016 4175 1054 4238 et
1083 4166 1232 4240 licentia

142 4268 227 4340 data
246 4279 304 4342 est
323 4268 496 4344 omnibus
515 4267 552 4340 in
571 4265 721 4366 propria
741 4267 971 4363 revertendi,
997 4266 1079 4366 ipse
1104 4279 1232 4342 tamen
