3352 5026
620 515 661 582 A.
692 511 799 586 1239.
1189 514 1259 588 139

162 714 245 787 ciali
273 711 449 786 arandela
475 711 642 804 alapistri
668 711 871 800 iustitiarii;
898 718 932 782 et
955 712 1015 800 qui
1032 717 1259 806 accesserint,

162 838 234 887 aaa
243 814 499 908 permittantur·
513 811 628 882 redire
642 813 716 883 sine
731 810 906 883 mandata
921 813 1027 883 curie.
1063 811 1148 882 ltem
1164 811 1261 907 quod

162 919 370 986 statuantur
396 911 653 1005 exploratores,
681 935 724 982 ne
748 913 826 1006 quis
847 911 1030 984 masculas
1055 911 1109 983 cel
1124 914 1260 997 teatina

163 1011 333 1085 intrando
361 1035 510 1106 repnam
534 1018 653 1106 portet
673 1011 827 1104 papales
849 1011 989 1085 litteras
1013 1019 1140 1084 crrntra
1161 1037 1260 1086 cesa—

164 1137 260 1205 rem5
285 1115 379 1206 item,
407 1118 446 1182 ut
468 1113 528 1207 qui
550 1113 711 1184 inventas
729 1114 836 1196 tuerit
853 1119 981 1184 cantra
1000 1136 1160 1186 cesarem
1179 1113 1260 1185 illas

162 1221 314 1309 portans
324 1223 349 1306 ⁸,
383 1211 505 1283 ultimo
533 1212 704 1306 supplicio
731 1215 904 1305 partiatur
928 1236 1142 1306 suspensam
1176 1215 1261 1286 etsi

161 1315 363 1409 portaverit
385 1312 523 1384 litteras
548 1311 592 1382 de
617 1311 811 1404 credentia,
838 1319 992 1406 capoten·
1009 1315 1169 1399 confiteri
1186 1339 1259 1385 rno-

164 1415 249 1487 dam
267 1419 300 1484 et
325 1419 482 1484 tenorem
507 1411 692 1484 eredentie.
742 1411 788 1482 Et
810 1413 841 1482 si
867 1413 1044 1497 confessio
1063 1411 1149 1484 ledit
1163 1415 1260 1506 prin·

163 1517 287 1608 cipern,
306 1512 429 1585 codem
448 1511 579 1584 iudicio
595 1516 779 1606 puniatur,
798 1514 869 1583 siue
888 1511 1036 1584 clericus
1050 1515 1121 1583 siue
1135 1512 1260 1606 laycus

163 1617 280 1700 tuerit.

239 1714 324 1811 lpso
352 1735 487 1785 mense
513 1711 608 1784 lunii
633 1711 971 1808 Sanctagathensis
999 1722 1038 1784 et
1062 1713 1259 1787 Calvensis

164 1813 332 1912 episcopi
364 1814 524 1886 Romam
557 1815 718 1909 vadunt,
753 1813 858 1886 missi
887 1817 933 1888 ab
958 1813 1186 1912 imperatore
1213 1818 1258 1887 ad

164 1915 390 2010 cardinales5
418 1925 477 1988 set
502 1940 523 1986 a
550 1939 646 2013 papa
672 1913 826 2011 repulsi,
853 1913 891 1986 in
915 1938 1075 2010 regnum
1103 1916 1185 1987 sine
1206 1918 1257 1987 et·

163 2016 262 2088 fectu
282 2018 452 2088 redeunt.
480 2017 619 2088 Civitas
635 2013 792 2086 Tervisii
812 2037 880 2110 per
893 2013 1106 2086 Albericum
1125 2020 1171 2086 de
1189 2017 1259 2088 llo-

163 2139 276 2188 mano
305 2125 344 2185 et
369 2114 565 2186 Ezolinum
590 2116 636 2184 de
664 2113 819 2186 Camino
848 2113 1005 2185 rebellat
1031 2113 1258 2212 imperatori.

164 2217 306 2287 Eodem
327 2237 460 2284 mense
479 2213 614 2284 iterum
635 2212 694 2284 alii
716 2213 777 2310 qui
796 2224 1060 2284 remanserant
1084 2216 1258 2287 monachi

165 2316 211 2387 de
227 2311 456 2384 manasterio
473 2312 734 2407 excluduntur3
753 2311 886 2410 quibus
902 2313 1015 2385 simul
1026 2337 1111 2386 cum
1128 2315 1257 2412 primis

165 2413 329 2488 exclusis
349 2412 486 2484 morari
506 2423 596 2510 aput
613 2413 754 2485 Vallem
775 2412 847 2484 luci
867 2413 1059 2511 provisum
1080 2427 1150 2512 est,
1170 2441 1259 2515 pau·-

166 2515 220 2589 cis
240 2515 441 2588 admodum
461 2513 496 2585 in
516 2513 746 2586 monasterio
766 2516 1059 2589 remanentibus.

240 2617 372 2689 Mense
396 2614 477 2687 lulii
502 2615 683 2686 Ravenna
710 2615 866 2688 rebellat
887 2615 1117 2712 imperatori,
1145 2643 1256 2714 quam

165 2715 298 2790 Veneti
317 2715 501 2814 recipiunt
520 2725 557 2787 et
575 2725 727 2787 tuentur
746 2739 790 2787 eo
811 2738 954 2787 mense.

241 2818 422 2890 Homines
447 2826 549 2888 terre
570 2815 789 2889 monasterii
810 2819 1011 2888 mandante
1030 2815 1257 2914 imperatore

166 2917 311 2990 absenti
339 2917 536 2993 Casinensi
568 2917 690 2994 abbati
723 2926 761 2988 et
788 2939 918 2989 secum
945 2915 982 2988 in
1011 2940 1079 2989 suo
1109 2918 1260 2990 servitio

166 3017 413 3091 commoranti
439 3043 506 3116 per
530 3028 812 3092 sacramentum
839 3017 953 3091 vitam
982 3030 1205 3091 assecurant
1224 3031 1261 3091 et

167 3124 332 3193 menbra.
383 3119 588 3218 Gregorius
613 3145 711 3218 papa
730 3123 776 3193 de
795 3119 896 3193 Urbe
916 3119 1019 3192 venit
1037 3121 1259 3216 Anagniam.

166 3221 375 3317 imperator
394 3223 439 3292 de
458 3221 578 3316 gratia
595 3221 784 3294 concessit
798 3222 895 3292 dicto
911 3219 1107 3294 Casinensi
1124 3220 1259 3314 abbati,

165 3331 206 3391 ut
236 3330 312 3390 tam
347 3321 616 3393 monasterium
644 3321 853 3394 Casinense
881 3343 993 3416 quam
1021 3343 1154 3392 omnes
1181 3345 1260 3393 mo·

166 3418 276 3489 nacbi
296 3429 333 3490 et
352 3419 446 3490 celle
466 3419 547 3490 eius
567 3443 588 3490 a
607 3419 789 3515 generali5
816 3422 913 3516 quod
933 3423 978 3492 ab
998 3417 1079 3491 aliis
1100 3419 1260 3516 exigitur

166 3517 338 3591 ecclesiis
365 3517 487 3615 regni,
514 3518 694 3591 adiutorio
715 3530 846 3592 essent
863 3519 1062 3593 immunes.
1118 3522 1258 3594 Eodem

166 3641 300 3691 mense
326 3617 406 3691 lolii
431 3619 542 3691 tertia
566 3618 607 3692 fit
636 3619 802 3693 exclusio
826 3622 1096 3694 monachorum
1117 3623 1162 3694 de
1181 3645 1244 3696 mo

166 3717 331 3792 nasterio
347 3719 555 3814 Cannensi,
571 3745 729 3818 quorum
745 3720 897 3820 quidam
912 3732 1003 3820 aput
1012 3721 1157 3794 Vallem
1172 3722 1259 3817 luci,

165 3819 317 3919 quidam
336 3829 427 3918 aput
440 3821 619 3894 Sanctum
633 3823 784 3896 Petrum
800 3822 1032 3918 monasterii
1052 3833 1090 3895 et
1108 3822 1258 3920 quidam

165 3945 312 3994 moram
332 3921 458 3994 lacere
472 3920 508 3994 in
525 3933 724 4020 parentum
741 3923 912 3997 domibus
933 3924 1147 4021 elegerunt;
1166 3933 1203 3996 et
1221 3925 1257 3996 in

165 4021 249 4119 ipso
275 4022 506 4096 monasterio
534 4047 609 4096 non
636 4024 708 4098 nisi
734 4033 816 4096 octo
843 4033 989 4097 tantum
1016 4024 1192 4098 monachi
1211 4028 1257 4099 ad

167 4122 432 4198 celebrandum
451 4123 489 4196 in
508 4147 552 4196 eo
572 4122 695 4198 divina
714 4122 837 4198 officia
861 4135 1138 4224 remanserunt,
1169 4151 1257 4230 quo-

165 4245 248 4292 rum
276 4225 428 4298 nomina
448 4235 536 4298 sunt
553 4225 642 4298 hec:
670 4225 786 4300 frater
803 4225 1017 4320 llyccardus
1037 4227 1082 4300 de
1101 4225 1256 4325 Septem

165 4346 190 4416 a)
209 4357 357 4414 portantem
378 4366 401 4402 c.

936 4426 1005 4498 10·
