3352 5026
415 404 486 475 110
584 350 588 359 ¹
614 397 897 472 successus
922 399 987 472 os
1010 398 1049 471 s.
1079 397 1313 472 assumo

325 639 331 650 ·
412 607 446 678 et
458 599 556 696 quod
568 598 678 672 sellns
690 605 725 671 et
736 603 840 670 scuta
855 601 993 676 munire
1006 598 1159 674 debeant
1171 599 1385 672 necessariis
1400 619 1513 692 quar-

284 713 288 723 “
412 703 587 774 nirnentis.
635 700 829 774 Boccerios
856 705 974 774 nutem
1000 706 1033 771 et
1046 701 1198 793 piscium
1212 697 1423 791 venditores,
1451 701 1513 794 qui

412 805 480 875 uite
497 801 678 874 bominum
696 804 905 873 necessaria
921 801 1219 892 sumministront,
1246 805 1281 871 et
1297 822 1341 870 en
1357 821 1510 894 qnorum

413 901 606 989 fraudibus
630 907 752 996 posset
776 923 849 972 non
876 900 1125 972 tantummodo
1154 900 1261 972 rebus
1284 899 1349 971 sed
1373 905 1408 970 et
1430 923 1511 993 per-

413 1003 511 1076 sonis
529 1004 637 1078 ctiam
655 1001 852 1074 marimum
872 1001 1066 1094 dampnum
1084 1001 1212 1085 inferri
1228 1001 1265 1072 ia
1283 1023 1407 1072 eorum
1419 1023 1512 1072 mer-

414 1104 512 1175 cibus
538 1107 573 1172 et
593 1101 880 1195 mercationibus,
908 1100 1071 1174 noluemus
1095 1123 1171 1172 esse
1195 1099 1327 1194 fideles,
1353 1098 1514 1172 uidelicet

413 1209 454 1276 ut
474 1202 621 1286 scrofas
646 1225 714 1294 pro
738 1203 870 1294 porcis,
897 1200 953 1273 uel
975 1224 1105 1273 carnes
1132 1201 1361 1293 morticinos,
1388 1198 1443 1272 uel
1463 1200 1513 1273 ob

414 1326 486 1375 nao
505 1301 561 1374 die
578 1301 613 1372 in
634 1301 743 1372 alium
759 1307 977 1394 reservatas,
996 1303 1027 1373 si
1039 1301 1103 1373 bec
1117 1301 1334 1394 emptoribus
1346 1323 1419 1372 non
1431 1324 1512 1394 pre·

417 1403 587 1494 dicerint,
619 1425 685 1474 seu·
709 1401 1012 1498 qualitercumque
1042 1406 1236 1495 corruptas
1264 1399 1319 1474 nel
1347 1401 1513 1495 intectas,

413 1505 450 1575 in
463 1502 659 1595 dampnum
674 1509 706 1573 et
721 1502 958 1596 deceptionem
972 1507 1169 1592 emptarum
1184 1499 1335 1572 uendere
1347 1521 1420 1572 mm
1429 1524 1512 1595 pre·

414 1609 570 1675 sumant.
607 1601 811 1674 Venditores
827 1605 935 1674 etiam
951 1604 1102 1696 piscium
1117 1603 1154 1674 ia
1167 1602 1347 1694 corruptis
1356 1601 1515 1694 piscibus

323 1788 333 1795 „
415 1726 487 1774 non
506 1701 697 1774 vendendis
715 1708 780 1773 out
797 1703 843 1774 ab
862 1725 935 1774 uno
952 1701 1009 1774 die
1025 1704 1062 1773 in
1080 1701 1189 1774 alium
1208 1702 1411 1794 reservatis,
1438 1703 1515 1778 sine

414 1801 631 1895 predictione
644 1800 803 1878 similiter
816 1804 1009 1874 resumatis
1016 1801 1227 1894 calefactos,
1241 1800 1401 1876 similiter
1406 1799 1513 1888 fidem

413 1903 629 1996 precipimus
653 1901 859 1993 obseruari5
885 1908 920 1973 et
942 1908 982 1974 ut
1001 1900 1167 1996 predicti·
1180 1924 1302 1975 omnes
1328 1907 1363 1972 et
1384 1902 1517 1997 sinquli

415 2003 579 2094 superius
602 2001 788 2095 percincti,
815 2025 935 2074 rerum
961 2003 1080 2074 uitium
1094 2000 1366 2075 vendendorum
1385 2023 1429 2075 en
1444 2001 1516 2090 fide

414 2099 622 2196 predicunt·
641 2107 674 2174 et
691 2107 730 2172 ut
746 2101 844 2176 cibos
859 2102 974 2196 pridie
988 2108 1212 2196 preparatas
1227 2107 1259 2176 et
1276 2103 1312 2174 in
1326 2101 1382 2175 die
1396 2101 1514 2178 altera

417 2200 627 2294 calefactos,
645 2201 805 2274 similiter
820 2204 897 2274 sine
911 2202 1132 2297 predictione
1143 2225 1215 2276 non
1229 2201 1396 2276 vendunt.
1432 2201 1515 2277 Ven-

418 2300 553 2376 ditarcs
570 2303 675 2376 etiam
694 2301 930 2376 candelarum
948 2326 1012 2378 eos
1037 2301 1186 2390 fideliter
1208 2303 1362 2396 laetam,
1388 2325 1454 2376 nee
1477 2303 1514 2378 in

418 2403 468 2472 eis
496 2403 531 2471 in
558 2408 755 2495 emptorum
775 2402 996 2497 dispendium
1016 2402 1153 2498 aliquid
1170 2426 1249 2478 cere
1267 2403 1514 2497 ammiserant,

271 2550 274 2555 -
419 2525 485 2574 nec
510 2503 545 2574 in
574 2503 624 2575 eis
650 2503 719 2574 nisi
741 2502 977 2576 bombicinum
991 2505 1162 2598 papirum
1181 2510 1379 2597 opponant,
1407 2502 1462 2580 uel
1485 2504 1518 2576 si

420 2600 525 2676 aliter
540 2601 690 2685 {merim
706 2602 831 2677 euinde
849 2609 1026 2698 emptores
1045 2602 1252 2678 cohercere*
1270 2604 1459 2680 curabunt.

498 2701 726 2776 Tabernariis
752 2710 870 2777 autem
897 2709 933 2775 et
957 2703 1198 2780 venditoribus
1221 2705 1293 2780 uini
1310 2703 1518 2800 quibuslibet

415 2800 660 2896 probibemus,
686 2825 731 2878 ne
753 2804 903 2879 uendere
924 2811 1136 2897 presumunt
1158 2806 1277 2880 uinum
1295 2803 1517 2898 lymphatum

416 2924 487 2995 pro
503 2925 609 2994 puro.
639 2902 767 2974 Nullus
783 2905 820 2974 in
837 2926 947 2997 reqno
966 2910 1090 2979 nostro
1104 2903 1246 2978 laboret
1258 2927 1400 2997 aurum,
1420 2902 1519 2998 quud

419 3023 485 3094 per
511 3001 641 3074 libram
667 2999 711 3072 de
731 3023 825 3093 puro
852 3009 971 3076 teneat
988 3004 1106 3076 minus
1127 3024 1236 3096 qnam
1263 3008 1345 3074 octo
1371 3005 1520 3093 uncias5

421 3097 581 3172 similiter
605 3103 640 3170 et
664 3105 864 3193 arpentum,
891 3100 989 3195 quod
1012 3101 1130 3172 minus
1147 3099 1309 3174 undecim
1327 3103 1517 3174 unciarum

418 3199 503 3293 puri
521 3199 660 3293 arpenti
674 3221 740 3291 per
756 3199 887 3272 libram
905 3205 1023 3274 tenere
1039 3204 1220 3272 noscatur.
1255 3199 1359 3288 (lnod
1372 3200 1518 3293 optinet,

421 3301 495 3372 sive
520 3298 645 3372 uenale
668 3323 759 3394 opus
785 3298 988 3374 huiusmodi
1011 3301 1176 3388 nudfices
1202 3323 1269 3394 pro
1296 3323 1336 3372 se
1364 3301 1519 3390 fociant,

421 3401 494 3474 siue
519 3399 565 3474 ab
590 3399 663 3472 alia
689 3407 831 3494 recepta
855 3403 1009 3474 materia
1035 3423 1125 3494 opus
1142 3405 1292 3495 tinqant,
1319 3407 1360 3472 ut
1376 3400 1519 3498 anulos,
1667 3437 1668 3450 2

421 3500 567 3592 ribulus,
589 3497 858 3596 parapsqdes⁴²
890 3500 944 3576 vel
968 3524 1106 3596 cuppas
1133 3525 1268 3577 aureas
1292 3502 1365 3574 sive
1390 3525 1519 3596 arqen-

422 3607 512 3693 tens,
538 3603 575 3674 in
599 3602 724 3696 quibus
747 3601 884 3697 aliquid
900 3601 998 3673 ultro
1013 3600 1215 3696 predictam
1233 3604 1467 3696 quantitatem
1486 3610 1520 3694 et

422 3703 582 3786 farinam
603 3723 626 3772 a
643 3700 813 3792 predictis
831 3701 984 3774 dominis
1001 3703 1206 3781 ammisceri
1221 3707 1377 3795 petatur.
1419 3702 1520 3776 litut

423 3803 538 3874 omnis
565 3802 761 3890 artificibus
785 3804 871 3896 ipsis
897 3801 1230 3876 committendarum
1253 3801 1441 3888 fraudium
1460 3804 1518 3876 uia

295 3911 299 3924 '
424 3907 458 3974 et
475 3903 630 3976 materia
644 3901 890 3996 precludatur,
908 3925 973 3996 per
990 3901 1072 3976 loca
1090 3902 1238 3998 quelibet
1256 3902 1346 3976 duos
1365 3903 1446 3999 eliqi
1459 3927 1519 3976 uo·

425 4001 541 4076 lumus
558 4002 627 4090 tiele
646 4002 784 4097 diqnos,
801 4027 867 4096 per
881 4009 974 4078 terre
988 4002 1129 4075 baiulos
1141 4002 1377 4098 ordinandos,
1396 4003 1521 4098 quibus

426 4103 684 4174 imminentibus
708 4103 869 4196 predicta
895 4105 1018 4176 omnio
1044 4105 1080 4176 in
1106 4110 1203 4176 statu
1228 4106 1438 4178 conservari
1461 4103 1520 4176 de·

426 4219 450 4292 a)
471 4223 528 4290 teqe
546 4219 611 4272 cccii
613 4237 699 4274 rrrrrr
1054 4217 1105 4302 42)
1131 4220 1148 4282 i.
1173 4239 1199 4284 e.
1224 4219 1338 4293 discos,
1360 4220 1521 4286 scutellas.
