<?xml version="1.0" encoding="UTF-8"?>
<!DOCTYPE html PUBLIC "-//W3C//DTD XHTML 1.0 Transitional//EN"
    "http://www.w3.org/TR/xhtml1/DTD/xhtml1-transitional.dtd">
<html xmlns="http://www.w3.org/1999/xhtml" xml:lang="en" lang="en">
 <head>
  <title>
</title>
<meta http-equiv="Content-Type" content="text/html;charset=utf-8" />
  <meta name='ocr-system' content='tesseract 3.04.00' />
  <meta name='ocr-capabilities' content='ocr_page ocr_carea ocr_par ocr_line ocrx_word'/>
</head>
<body>
  <div class='ocr_page' id='page_1' title='image "./ryccardidesanct00ricagoog_0102.png"; bbox 0 0 3352 5026; ppageno 0'>
   <div class='ocr_carea' id='block_1_1' title="bbox 418 433 1314 510">
    <p class='ocr_par' dir='ltr' id='par_1_1' title="bbox 418 433 1314 510">
     <span class='ocr_line' id='line_1_1' title="bbox 418 433 1314 510; baseline -0.002 0"><span class='ocrx_word' id='word_1_1' title='bbox 418 441 467 510; x_wconf 75' lang='lat'><strong>84</strong></span> <span class='ocrx_word' id='word_1_2' title='bbox 621 433 904 509; x_wconf 82' lang='lat' dir='ltr'><strong>llYCCAllDUS</strong></span> <span class='ocrx_word' id='word_1_3' title='bbox 930 435 992 506; x_wconf 87' lang='lat' dir='ltr'><strong>DE</strong></span> <span class='ocrx_word' id='word_1_4' title='bbox 1019 435 1055 507; x_wconf 89' lang='lat' dir='ltr'><strong>S.</strong></span> <span class='ocrx_word' id='word_1_5' title='bbox 1082 435 1314 508; x_wconf 80' lang='lat' dir='ltr'><strong>GERMANO</strong></span> 
     </span>
    </p>
   </div>
   <div class='ocr_carea' id='block_1_2' title="bbox 420 634 1515 835">
    <p class='ocr_par' dir='ltr' id='par_1_2' title="bbox 420 634 1515 835">
     <span class='ocr_line' id='line_1_2' title="bbox 494 634 1515 732; baseline -0.003 -24"><span class='ocrx_word' id='word_1_6' title='bbox 494 637 598 708; x_wconf 82' lang='lat' dir='ltr'><strong>&#39;l&#39;unc</strong></span> <span class='ocrx_word' id='word_1_7' title='bbox 628 634 816 706; x_wconf 83' lang='lat' dir='ltr'><strong>lloffridus</strong></span> <span class='ocrx_word' id='word_1_8' title='bbox 847 635 1151 732; x_wconf 78' lang='lat' dir='ltr'><strong>archipresbyter</strong></span> <span class='ocrx_word' id='word_1_9' title='bbox 1181 635 1308 706; x_wconf 81' lang='lat' dir='ltr'>Sancti</span> <span class='ocrx_word' id='word_1_10' title='bbox 1334 635 1515 706; x_wconf 82' lang='lat' dir='ltr'><strong>Germani</strong></span> 
     </span>
     <span class='ocr_line' id='line_1_3' title="bbox 420 735 1515 835; baseline -0.004 -25"><span class='ocrx_word' id='word_1_11' title='bbox 420 761 488 835; x_wconf 91' lang='lat' dir='ltr'><strong>per</strong></span> <span class='ocrx_word' id='word_1_12' title='bbox 500 737 754 809; x_wconf 85' lang='lat' dir='ltr'><strong>Albanensem</strong></span> <span class='ocrx_word' id='word_1_13' title='bbox 770 735 1004 832; x_wconf 86' lang='lat' dir='ltr'><strong>episcopum,</strong></span> <span class='ocrx_word' id='word_1_14' title='bbox 1024 760 1121 832; x_wconf 93' lang='lat' dir='ltr'><strong>papa</strong></span> <span class='ocrx_word' id='word_1_15' title='bbox 1137 739 1353 829; x_wconf 79' lang='lat' dir='ltr'><strong>mandante,</strong></span> <span class='ocrx_word' id='word_1_16' title='bbox 1368 735 1404 804; x_wconf 92' lang='lat' dir='ltr'><strong>in</strong></span> <span class='ocrx_word' id='word_1_17' title='bbox 1420 735 1515 806; x_wconf 87' lang='lat' dir='ltr'><strong>&#39;lea-</strong></span> 
     </span>
    </p>
   </div>
   <div class='ocr_carea' id='block_1_3' title="bbox 419 836 1651 1033">
    <p class='ocr_par' dir='ltr' id='par_1_3' title="bbox 419 836 1651 1033">
     <span class='ocr_line' id='line_1_4' title="bbox 419 836 1651 936; baseline -0.005 -27"><span class='ocrx_word' id='word_1_18' title='bbox 419 860 579 910; x_wconf 89' lang='lat' dir='ltr'><strong>nensem</strong></span> <span class='ocrx_word' id='word_1_19' title='bbox 598 836 818 934; x_wconf 89' lang='lat' dir='ltr'><strong>episcopum</strong></span> <span class='ocrx_word' id='word_1_20' title='bbox 838 845 898 908; x_wconf 91' lang='lat' dir='ltr'><strong>est</strong></span> <span class='ocrx_word' id='word_1_21' title='bbox 915 847 1147 932; x_wconf 89' lang='lat' dir='ltr'><strong>assumptus.</strong></span> <span class='ocrx_word' id='word_1_22' title='bbox 1650 893 1651 936; x_wconf 77' lang='lat'><strong>,</strong></span> 
     </span>
     <span class='ocr_line' id='line_1_5' title="bbox 493 935 1514 1033; baseline -0.005 -24"><span class='ocrx_word' id='word_1_23' title='bbox 493 938 533 1009; x_wconf 96' lang='lat' dir='ltr'><strong>ln</strong></span> <span class='ocrx_word' id='word_1_24' title='bbox 561 937 692 1033; x_wconf 83' lang='lat' dir='ltr'><strong>Apulia</strong></span> <span class='ocrx_word' id='word_1_25' title='bbox 724 936 795 1008; x_wconf 91' lang='lat' dir='ltr'><strong>illis</strong></span> <span class='ocrx_word' id='word_1_26' title='bbox 825 935 956 1008; x_wconf 92' lang='lat' dir='ltr'><strong>diebus</strong></span> <span class='ocrx_word' id='word_1_27' title='bbox 981 937 1132 1032; x_wconf 87' lang='lat' dir='ltr'><strong>quidam</strong></span> <span class='ocrx_word' id='word_1_28' title='bbox 1157 935 1293 1006; x_wconf 89' lang='lat' dir='ltr'><strong>Paulus</strong></span> <span class='ocrx_word' id='word_1_29' title='bbox 1321 938 1367 1006; x_wconf 93' lang='lat' dir='ltr'><strong>de</strong></span> <span class='ocrx_word' id='word_1_30' title='bbox 1391 935 1514 1030; x_wconf 79' lang='lat' dir='ltr'><strong>Lugo-</strong></span> 
     </span>
    </p>
   </div>
   <div class='ocr_carea' id='block_1_4' title="bbox 418 1035 1651 1134">
    <p class='ocr_par' dir='ltr' id='par_1_4' title="bbox 418 1035 1651 1134">
     <span class='ocr_line' id='line_1_6' title="bbox 418 1035 1651 1134; baseline -0.002 -27"><span class='ocrx_word' id='word_1_31' title='bbox 418 1037 521 1109; x_wconf 89' lang='lat' dir='ltr'><strong>theta</strong></span> <span class='ocrx_word' id='word_1_32' title='bbox 553 1036 758 1134; x_wconf 92' lang='lat' dir='ltr'><strong>imperialis</strong></span> <span class='ocrx_word' id='word_1_33' title='bbox 786 1035 1005 1107; x_wconf 88' lang='lat' dir='ltr'><strong>iustitiarius</strong></span> <span class='ocrx_word' id='word_1_34' title='bbox 1035 1036 1272 1108; x_wconf 83' lang='lat' dir='ltr'><strong>membratim</strong></span> <span class='ocrx_word' id='word_1_35' title='bbox 1305 1035 1513 1106; x_wconf 89' lang='lat' dir='ltr'><strong>trucidatus</strong></span> <span class='ocrx_word' id='word_1_36' title='bbox 1650 1131 1651 1134; x_wconf 8' lang='grc' dir='ltr'><strong>Ἴ</strong></span> 
     </span>
    </p>
   </div>
   <div class='ocr_carea' id='block_1_5' title="bbox 420 1135 1344 1233">
    <p class='ocr_par' dir='ltr' id='par_1_5' title="bbox 420 1135 1344 1233">
     <span class='ocr_line' id='line_1_7' title="bbox 420 1135 1344 1233; baseline -0.002 -24"><span class='ocrx_word' id='word_1_37' title='bbox 420 1148 480 1210; x_wconf 91' lang='lat' dir='ltr'><strong>est</strong></span> <span class='ocrx_word' id='word_1_38' title='bbox 497 1142 544 1210; x_wconf 90' lang='lat' dir='ltr'><strong>ab</strong></span> <span class='ocrx_word' id='word_1_39' title='bbox 563 1136 649 1231; x_wconf 89' lang='lat' dir='ltr'><strong>biis,</strong></span> <span class='ocrx_word' id='word_1_40' title='bbox 676 1137 737 1233; x_wconf 89' lang='lat' dir='ltr'><strong>qui</strong></span> <span class='ocrx_word' id='word_1_41' title='bbox 756 1136 840 1210; x_wconf 92' lang='lat' dir='ltr'><strong>odio</strong></span> <span class='ocrx_word' id='word_1_42' title='bbox 860 1137 1126 1232; x_wconf 83' lang='lat' dir='ltr'><strong>imperatorem</strong></span> <span class='ocrx_word' id='word_1_43' title='bbox 1146 1135 1344 1207; x_wconf 85' lang='lat' dir='ltr'><strong>habebant.</strong></span> 
     </span>
    </p>
   </div>
   <div class='ocr_carea' id='block_1_6' title="bbox 493 1236 1651 1335">
    <p class='ocr_par' dir='ltr' id='par_1_6' title="bbox 493 1236 1651 1335">
     <span class='ocr_line' id='line_1_8' title="bbox 493 1236 1651 1335; baseline -0.002 -25"><span class='ocrx_word' id='word_1_44' title='bbox 493 1239 703 1335; x_wconf 86' lang='lat' dir='ltr'><strong>Imperator</strong></span> <span class='ocrx_word' id='word_1_45' title='bbox 725 1261 810 1308; x_wconf 90' lang='lat' dir='ltr'><strong>cum</strong></span> <span class='ocrx_word' id='word_1_46' title='bbox 828 1237 1019 1309; x_wconf 86' lang='lat' dir='ltr'><strong>fortunato</strong></span> <span class='ocrx_word' id='word_1_47' title='bbox 1038 1236 1386 1332; x_wconf 82' lang='lat' dir='ltr'><strong>crucesignatorum</strong></span> <span class='ocrx_word' id='word_1_48' title='bbox 1407 1259 1514 1306; x_wconf 88' lang='lat' dir='ltr'><strong>exer·</strong></span> <span class='ocrx_word' id='word_1_49' title='bbox 1650 1269 1651 1308; x_wconf 54' lang='grc' dir='ltr'><em>ς</em></span> 
     </span>
    </p>
   </div>
   <div class='ocr_carea' id='block_1_7' title="bbox 417 1335 1512 1736">
    <p class='ocr_par' dir='ltr' id='par_1_7' title="bbox 419 1335 1512 1435">
     <span class='ocr_line' id='line_1_9' title="bbox 419 1335 1512 1435; baseline -0.003 -26"><span class='ocrx_word' id='word_1_50' title='bbox 419 1337 493 1410; x_wconf 90' lang='lat' dir='ltr'><strong>citu</strong></span> <span class='ocrx_word' id='word_1_51' title='bbox 520 1338 624 1410; x_wconf 91' lang='lat' dir='ltr'><strong>venit</strong></span> <span class='ocrx_word' id='word_1_52' title='bbox 650 1339 819 1435; x_wconf 89' lang='lat' dir='ltr'><strong>Capuam</strong></span> <span class='ocrx_word' id='word_1_53' title='bbox 843 1360 977 1409; x_wconf 88' lang='lat' dir='ltr'><strong>mense</strong></span> <span class='ocrx_word' id='word_1_54' title='bbox 1004 1337 1258 1434; x_wconf 75' lang='lat' dir='ltr'><strong>Septembris,</strong></span> <span class='ocrx_word' id='word_1_55' title='bbox 1294 1346 1334 1408; x_wconf 91' lang='lat' dir='ltr'><strong>et</strong></span> <span class='ocrx_word' id='word_1_56' title='bbox 1362 1340 1408 1407; x_wconf 89' lang='lat' dir='ltr'><strong>ab</strong></span> <span class='ocrx_word' id='word_1_57' title='bbox 1439 1335 1512 1407; x_wconf 88' lang='lat' dir='ltr'><strong>ista</strong></span> 
     </span>
    </p>

    <p class='ocr_par' dir='ltr' id='par_1_8' title="bbox 418 1437 1512 1536">
     <span class='ocr_line' id='line_1_10' title="bbox 418 1437 1512 1536; baseline -0.004 -25"><span class='ocrx_word' id='word_1_58' title='bbox 418 1449 525 1535; x_wconf 88' lang='lat' dir='ltr'><strong>parte</strong></span> <span class='ocrx_word' id='word_1_59' title='bbox 543 1438 672 1536; x_wconf 89' lang='lat' dir='ltr'><strong>Capue</strong></span> <span class='ocrx_word' id='word_1_60' title='bbox 690 1439 986 1511; x_wconf 89' lang='lat' dir='ltr'><strong>Sarracenorum</strong></span> <span class='ocrx_word' id='word_1_61' title='bbox 1007 1461 1146 1508; x_wconf 91' lang='lat' dir='ltr'><strong>cuneos</strong></span> <span class='ocrx_word' id='word_1_62' title='bbox 1169 1437 1365 1530; x_wconf 86' lang='lat' dir='ltr'><strong>ordinavit,</strong></span> <span class='ocrx_word' id='word_1_63' title='bbox 1392 1460 1512 1532; x_wconf 88' lang='lat' dir='ltr'><strong>seque</strong></span> 
     </span>
    </p>

    <p class='ocr_par' dir='ltr' id='par_1_9' title="bbox 417 1537 1510 1736">
     <span class='ocr_line' id='line_1_11' title="bbox 417 1537 1510 1652; baseline -0.005 -41"><span class='ocrx_word' id='word_1_64' title='bbox 417 1539 623 1652; x_wconf 80' lang='lat' dir='ltr'><strong>Neapolym</strong></span> <span class='ocrx_word' id='word_1_65' title='bbox 652 1539 807 1610; x_wconf 91' lang='lat' dir='ltr'><strong>contulit</strong></span> <span class='ocrx_word' id='word_1_66' title='bbox 831 1539 906 1610; x_wconf 90' lang='lat' dir='ltr'><strong>eris</strong></span> <span class='ocrx_word' id='word_1_67' title='bbox 933 1549 970 1610; x_wconf 92' lang='lat' dir='ltr'><strong>et</strong></span> <span class='ocrx_word' id='word_1_68' title='bbox 988 1539 1113 1634; x_wconf 84' lang='lat' dir='ltr'><strong>gentis</strong></span> <span class='ocrx_word' id='word_1_69' title='bbox 1132 1563 1153 1610; x_wconf 93' lang='lat' dir='ltr'><strong>a</strong></span> <span class='ocrx_word' id='word_1_70' title='bbox 1172 1537 1316 1610; x_wconf 91' lang='lat' dir='ltr'><strong>civibus</strong></span> <span class='ocrx_word' id='word_1_71' title='bbox 1334 1537 1510 1608; x_wconf 89' lang='lat' dir='ltr'><strong>auxilium</strong></span> 
     </span>
     <span class='ocr_line' id='line_1_12' title="bbox 417 1651 614 1736; baseline -0.015 -23"><span class='ocrx_word' id='word_1_72' title='bbox 417 1651 614 1736; x_wconf 83' lang='lat' dir='ltr'><strong>petiturus.</strong></span> 
     </span>
    </p>
   </div>
   <div class='ocr_carea' id='block_1_8' title="bbox 493 1736 1651 1836">
    <p class='ocr_par' dir='ltr' id='par_1_10' title="bbox 493 1736 1651 1836">
     <span class='ocr_line' id='line_1_13' title="bbox 493 1736 1651 1836; baseline -0.004 -25"><span class='ocrx_word' id='word_1_73' title='bbox 493 1741 599 1831; x_wconf 91' lang='lat' dir='ltr'><strong>Tunc</strong></span> <span class='ocrx_word' id='word_1_74' title='bbox 629 1739 760 1812; x_wconf 82' lang='lat' dir='ltr'><strong>civitas</strong></span> <span class='ocrx_word' id='word_1_75' title='bbox 792 1738 1130 1836; x_wconf 84' lang='lat' dir='ltr'><strong>Sanctagathensis</strong></span> <span class='ocrx_word' id='word_1_76' title='bbox 1164 1747 1300 1836; x_wconf 88' lang='lat' dir='ltr'><strong>sponte</strong></span> <span class='ocrx_word' id='word_1_77' title='bbox 1335 1736 1437 1808; x_wconf 89' lang='lat' dir='ltr'><strong>venit</strong></span> <span class='ocrx_word' id='word_1_78' title='bbox 1465 1739 1510 1808; x_wconf 90' lang='lat' dir='ltr'><strong>ad</strong></span> <span class='ocrx_word' id='word_1_79' title='bbox 1643 1743 1651 1760; x_wconf 86' lang='grc'><strong>“</strong></span> 
     </span>
    </p>
   </div>
   <div class='ocr_carea' id='block_1_9' title="bbox 415 1838 1511 4348">
    <p class='ocr_par' dir='ltr' id='par_1_11' title="bbox 419 1838 1438 1935">
     <span class='ocr_line' id='line_1_14' title="bbox 419 1838 1438 1935; baseline -0.005 -24"><span class='ocrx_word' id='word_1_80' title='bbox 419 1843 637 1911; x_wconf 89' lang='lat' dir='ltr'><strong>mandatum</strong></span> <span class='ocrx_word' id='word_1_81' title='bbox 665 1840 841 1935; x_wconf 76' lang='lat' dir='ltr'><strong>ecclesie,</strong></span> <span class='ocrx_word' id='word_1_82' title='bbox 869 1851 905 1913; x_wconf 91' lang='lat' dir='ltr'><strong>et</strong></span> <span class='ocrx_word' id='word_1_83' title='bbox 924 1865 967 1912; x_wconf 93' lang='lat' dir='ltr'><strong>se</strong></span> <span class='ocrx_word' id='word_1_84' title='bbox 986 1839 1143 1912; x_wconf 85' lang='lat' dir='ltr'><strong>reddidit</strong></span> <span class='ocrx_word' id='word_1_85' title='bbox 1160 1838 1311 1911; x_wconf 91' lang='lat' dir='ltr'><strong>domino</strong></span> <span class='ocrx_word' id='word_1_86' title='bbox 1330 1863 1438 1935; x_wconf 91' lang='lat' dir='ltr'><strong>pape.</strong></span> 
     </span>
    </p>

    <p class='ocr_par' dir='ltr' id='par_1_12' title="bbox 418 1935 1511 2138">
     <span class='ocr_line' id='line_1_15' title="bbox 493 1935 1511 2038; baseline -0.006 -26"><span class='ocrx_word' id='word_1_87' title='bbox 493 1941 630 2012; x_wconf 88' lang='lat' dir='ltr'><strong>Comes</strong></span> <span class='ocrx_word' id='word_1_88' title='bbox 650 1941 861 2037; x_wconf 79' lang='lat' dir='ltr'><strong>Roggerius</strong></span> <span class='ocrx_word' id='word_1_89' title='bbox 880 1943 926 2012; x_wconf 87' lang='lat' dir='ltr'><strong>de</strong></span> <span class='ocrx_word' id='word_1_90' title='bbox 943 1940 1075 2038; x_wconf 82' lang='lat' dir='ltr'><strong>Aquila</strong></span> <span class='ocrx_word' id='word_1_91' title='bbox 1093 1939 1211 2010; x_wconf 85' lang='lat' dir='ltr'><strong>filium</strong></span> <span class='ocrx_word' id='word_1_92' title='bbox 1230 1964 1341 2011; x_wconf 91' lang='lat' dir='ltr'><strong>suum</strong></span> <span class='ocrx_word' id='word_1_93' title='bbox 1367 1935 1511 2033; x_wconf 90' lang='lat' dir='ltr'><strong>recipit,</strong></span> 
     </span>
     <span class='ocr_line' id='line_1_16' title="bbox 418 2040 1347 2138; baseline -0.001 -27"><span class='ocrx_word' id='word_1_94' title='bbox 418 2065 532 2136; x_wconf 89' lang='lat' dir='ltr'><strong>quern</strong></span> <span class='ocrx_word' id='word_1_95' title='bbox 551 2041 588 2112; x_wconf 93' lang='lat' dir='ltr'><strong>in</strong></span> <span class='ocrx_word' id='word_1_96' title='bbox 607 2040 733 2114; x_wconf 82' lang='lat' dir='ltr'><strong>Sicilia</strong></span> <span class='ocrx_word' id='word_1_97' title='bbox 752 2041 921 2113; x_wconf 91' lang='lat' dir='ltr'><strong>obsidem</strong></span> <span class='ocrx_word' id='word_1_98' title='bbox 939 2051 1114 2112; x_wconf 89' lang='lat' dir='ltr'><strong>tenuerat</strong></span> <span class='ocrx_word' id='word_1_99' title='bbox 1131 2041 1347 2138; x_wconf 87' lang='lat' dir='ltr'><strong>imperator.</strong></span> 
     </span>
    </p>

    <p class='ocr_par' dir='ltr' id='par_1_13' title="bbox 417 2137 1511 2740">
     <span class='ocr_line' id='line_1_17' title="bbox 492 2137 1511 2238; baseline -0.009 -24"><span class='ocrx_word' id='word_1_100' title='bbox 492 2142 668 2238; x_wconf 82' lang='lat' dir='ltr'><strong>Pelagius</strong></span> <span class='ocrx_word' id='word_1_101' title='bbox 688 2142 911 2214; x_wconf 81' lang='lat' dir='ltr'><strong>Albanensis</strong></span> <span class='ocrx_word' id='word_1_102' title='bbox 939 2141 1140 2238; x_wconf 87' lang='lat' dir='ltr'><strong>episcopus</strong></span> <span class='ocrx_word' id='word_1_103' title='bbox 1165 2165 1233 2238; x_wconf 92' lang='lat' dir='ltr'><strong>pro</strong></span> <span class='ocrx_word' id='word_1_104' title='bbox 1258 2141 1403 2211; x_wconf 83' lang='lat' dir='ltr'><strong>delectu</strong></span> <span class='ocrx_word' id='word_1_105' title='bbox 1423 2137 1511 2208; x_wconf 90' lang='lat' dir='ltr'><strong>soli-</strong></span> 
     </span>
     <span class='ocr_line' id='line_1_18' title="bbox 418 2239 1510 2340; baseline -0.005 -27"><span class='ocrx_word' id='word_1_106' title='bbox 418 2243 564 2338; x_wconf 90' lang='lat' dir='ltr'><strong>dorum,</strong></span> <span class='ocrx_word' id='word_1_107' title='bbox 592 2267 686 2340; x_wconf 91' lang='lat' dir='ltr'><strong>quos</strong></span> <span class='ocrx_word' id='word_1_108' title='bbox 706 2243 847 2315; x_wconf 89' lang='lat' dir='ltr'><strong>habere</strong></span> <span class='ocrx_word' id='word_1_109' title='bbox 866 2267 940 2313; x_wconf 94' lang='lat' dir='ltr'><strong>non</strong></span> <span class='ocrx_word' id='word_1_110' title='bbox 959 2252 1119 2339; x_wconf 90' lang='lat' dir='ltr'><strong>poterat,</strong></span> <span class='ocrx_word' id='word_1_111' title='bbox 1139 2242 1221 2338; x_wconf 89' lang='lat' dir='ltr'><strong>capi</strong></span> <span class='ocrx_word' id='word_1_112' title='bbox 1240 2241 1342 2313; x_wconf 90' lang='lat' dir='ltr'><strong>iubet</strong></span> <span class='ocrx_word' id='word_1_113' title='bbox 1358 2239 1510 2309; x_wconf 90' lang='lat' dir='ltr'><strong>thesau-</strong></span> 
     </span>
     <span class='ocr_line' id='line_1_19' title="bbox 417 2338 1509 2418; baseline -0.005 -4"><span class='ocrx_word' id='word_1_114' title='bbox 417 2369 501 2417; x_wconf 91' lang='lat' dir='ltr'><strong>rum</strong></span> <span class='ocrx_word' id='word_1_115' title='bbox 520 2343 681 2416; x_wconf 88' lang='lat' dir='ltr'><strong>ecclesie</strong></span> <span class='ocrx_word' id='word_1_116' title='bbox 700 2343 918 2418; x_wconf 89' lang='lat' dir='ltr'><strong>Casinensis</strong></span> <span class='ocrx_word' id='word_1_117' title='bbox 942 2353 981 2414; x_wconf 91' lang='lat' dir='ltr'><strong>et</strong></span> <span class='ocrx_word' id='word_1_118' title='bbox 1005 2342 1166 2414; x_wconf 86' lang='lat' dir='ltr'><strong>ecclesie</strong></span> <span class='ocrx_word' id='word_1_119' title='bbox 1185 2342 1312 2414; x_wconf 90' lang='lat' dir='ltr'><strong>Sancti</strong></span> <span class='ocrx_word' id='word_1_120' title='bbox 1331 2338 1509 2412; x_wconf 88' lang='lat' dir='ltr'><strong>Germani</strong></span> 
     </span>
     <span class='ocr_line' id='line_1_20' title="bbox 417 2438 1508 2542; baseline -0.008 -26"><span class='ocrx_word' id='word_1_121' title='bbox 417 2469 487 2542; x_wconf 94' lang='lat' dir='ltr'><strong>per</strong></span> <span class='ocrx_word' id='word_1_122' title='bbox 504 2444 744 2517; x_wconf 87' lang='lat' dir='ltr'><strong>Calinensem</strong></span> <span class='ocrx_word' id='word_1_123' title='bbox 764 2443 998 2540; x_wconf 90' lang='lat' dir='ltr'><strong>episcopum,</strong></span> <span class='ocrx_word' id='word_1_124' title='bbox 1025 2467 1111 2513; x_wconf 91' lang='lat' dir='ltr'><strong>cum</strong></span> <span class='ocrx_word' id='word_1_125' title='bbox 1138 2467 1211 2540; x_wconf 90' lang='lat' dir='ltr'><strong>quo</strong></span> <span class='ocrx_word' id='word_1_126' title='bbox 1235 2440 1359 2513; x_wconf 83' lang='lat' dir='ltr'><strong>clerici</strong></span> <span class='ocrx_word' id='word_1_127' title='bbox 1382 2438 1508 2513; x_wconf 88' lang='lat' dir='ltr'><strong>Sancti</strong></span> 
     </span>
     <span class='ocr_line' id='line_1_21' title="bbox 418 2543 1509 2640; baseline -0.006 -23"><span class='ocrx_word' id='word_1_128' title='bbox 418 2544 595 2617; x_wconf 88' lang='lat' dir='ltr'><strong>Germani</strong></span> <span class='ocrx_word' id='word_1_129' title='bbox 627 2543 663 2614; x_wconf 92' lang='lat' dir='ltr'><strong>in</strong></span> <span class='ocrx_word' id='word_1_130' title='bbox 695 2554 795 2616; x_wconf 91' lang='lat' dir='ltr'><strong>certa</strong></span> <span class='ocrx_word' id='word_1_131' title='bbox 822 2543 1027 2640; x_wconf 87' lang='lat' dir='ltr'><strong>quantitate</strong></span> <span class='ocrx_word' id='word_1_132' title='bbox 1054 2545 1214 2640; x_wconf 91' lang='lat' dir='ltr'><strong>pecunie</strong></span> <span class='ocrx_word' id='word_1_133' title='bbox 1241 2551 1509 2634; x_wconf 85' lang='lat' dir='ltr'><strong>convenerunt,</strong></span> 
     </span>
     <span class='ocr_line' id='line_1_22' title="bbox 418 2644 1125 2740; baseline -0.003 -25"><span class='ocrx_word' id='word_1_134' title='bbox 418 2670 464 2716; x_wconf 91' lang='lat' dir='ltr'><strong>ne</strong></span> <span class='ocrx_word' id='word_1_135' title='bbox 483 2645 704 2717; x_wconf 89' lang='lat' dir='ltr'><strong>thesaurum</strong></span> <span class='ocrx_word' id='word_1_136' title='bbox 725 2644 885 2716; x_wconf 90' lang='lat' dir='ltr'><strong>ecclesie</strong></span> <span class='ocrx_word' id='word_1_137' title='bbox 904 2655 1125 2740; x_wconf 88' lang='lat' dir='ltr'><strong>asportaret.</strong></span> 
     </span>
    </p>

    <p class='ocr_par' dir='ltr' id='par_1_14' title="bbox 415 2744 1510 3745">
     <span class='ocr_line' id='line_1_23' title="bbox 492 2744 1509 2844; baseline -0.003 -27"><span class='ocrx_word' id='word_1_138' title='bbox 492 2746 702 2844; x_wconf 83' lang='lat' dir='ltr'><strong>Imperator</strong></span> <span class='ocrx_word' id='word_1_139' title='bbox 732 2771 752 2816; x_wconf 90' lang='lat' dir='ltr'><strong>a</strong></span> <span class='ocrx_word' id='word_1_140' title='bbox 784 2745 950 2841; x_wconf 88' lang='lat' dir='ltr'><strong>Neapoly</strong></span> <span class='ocrx_word' id='word_1_141' title='bbox 979 2747 1145 2841; x_wconf 89' lang='lat' dir='ltr'><strong>Capuam</strong></span> <span class='ocrx_word' id='word_1_142' title='bbox 1173 2744 1346 2838; x_wconf 90' lang='lat' dir='ltr'><strong>rediens,</strong></span> <span class='ocrx_word' id='word_1_143' title='bbox 1382 2753 1509 2814; x_wconf 92' lang='lat' dir='ltr'><strong>movet</strong></span> 
     </span>
     <span class='ocr_line' id='line_1_24' title="bbox 416 2844 1507 2940; baseline -0.005 -22"><span class='ocrx_word' id='word_1_144' title='bbox 416 2846 549 2918; x_wconf 85' lang='lat' dir='ltr'><strong>exinde</strong></span> <span class='ocrx_word' id='word_1_145' title='bbox 569 2856 691 2918; x_wconf 89' lang='lat' dir='ltr'><strong>castra</strong></span> <span class='ocrx_word' id='word_1_146' title='bbox 713 2871 794 2940; x_wconf 90' lang='lat' dir='ltr'><strong>sua,</strong></span> <span class='ocrx_word' id='word_1_147' title='bbox 822 2857 860 2916; x_wconf 89' lang='lat' dir='ltr'><strong>et</strong></span> <span class='ocrx_word' id='word_1_148' title='bbox 880 2845 1037 2916; x_wconf 91' lang='lat' dir='ltr'><strong>veniens</strong></span> <span class='ocrx_word' id='word_1_149' title='bbox 1058 2845 1227 2938; x_wconf 91' lang='lat' dir='ltr'><strong>Calvum,</strong></span> <span class='ocrx_word' id='word_1_150' title='bbox 1254 2846 1314 2916; x_wconf 94' lang='lat' dir='ltr'><strong>ubi</strong></span> <span class='ocrx_word' id='word_1_151' title='bbox 1342 2844 1507 2915; x_wconf 91' lang='lat' dir='ltr'><strong>nonnulli</strong></span> 
     </span>
     <span class='ocr_line' id='line_1_25' title="bbox 415 2945 1507 3043; baseline -0.002 -25"><span class='ocrx_word' id='word_1_152' title='bbox 415 2949 462 3018; x_wconf 92' lang='lat' dir='ltr'><strong>de</strong></span> <span class='ocrx_word' id='word_1_153' title='bbox 489 2945 612 3043; x_wconf 89' lang='lat' dir='ltr'><strong>papali</strong></span> <span class='ocrx_word' id='word_1_154' title='bbox 640 2946 804 3017; x_wconf 87' lang='lat' dir='ltr'><strong>exercitu</strong></span> <span class='ocrx_word' id='word_1_155' title='bbox 830 2955 1088 3017; x_wconf 90' lang='lat' dir='ltr'><strong>convenerant</strong></span> <span class='ocrx_word' id='word_1_156' title='bbox 1105 2949 1150 3016; x_wconf 91' lang='lat' dir='ltr'><strong>ad</strong></span> <span class='ocrx_word' id='word_1_157' title='bbox 1170 2947 1380 3036; x_wconf 84' lang='lat' dir='ltr'><strong>defensam,</strong></span> <span class='ocrx_word' id='word_1_158' title='bbox 1406 2946 1507 3016; x_wconf 89' lang='lat' dir='ltr'><strong>illam</strong></span> 
     </span>
     <span class='ocr_line' id='line_1_26' title="bbox 416 3044 1508 3144; baseline 0 -28"><span class='ocrx_word' id='word_1_159' title='bbox 416 3046 505 3117; x_wconf 87' lang='lat' dir='ltr'><strong>fecit</strong></span> <span class='ocrx_word' id='word_1_160' title='bbox 522 3044 684 3140; x_wconf 91' lang='lat' dir='ltr'><strong>undique</strong></span> <span class='ocrx_word' id='word_1_161' title='bbox 703 3045 928 3142; x_wconf 83' lang='lat' dir='ltr'><strong>impugnari,</strong></span> <span class='ocrx_word' id='word_1_162' title='bbox 947 3057 985 3118; x_wconf 92' lang='lat' dir='ltr'><strong>et</strong></span> <span class='ocrx_word' id='word_1_163' title='bbox 1002 3057 1091 3117; x_wconf 90' lang='lat' dir='ltr'><strong>tunc</strong></span> <span class='ocrx_word' id='word_1_164' title='bbox 1110 3058 1240 3144; x_wconf 88' lang='lat' dir='ltr'><strong>captos</strong></span> <span class='ocrx_word' id='word_1_165' title='bbox 1260 3051 1440 3143; x_wconf 90' lang='lat' dir='ltr'><strong>quosdam</strong></span> <span class='ocrx_word' id='word_1_166' title='bbox 1462 3048 1508 3116; x_wconf 94' lang='lat' dir='ltr'><strong>de</strong></span> 
     </span>
     <span class='ocr_line' id='line_1_27' title="bbox 416 3144 1510 3242; baseline -0.004 -23"><span class='ocrx_word' id='word_1_167' title='bbox 416 3144 623 3242; x_wconf 87' lang='lat' dir='ltr'><strong>Campania</strong></span> <span class='ocrx_word' id='word_1_168' title='bbox 643 3147 821 3242; x_wconf 87' lang='lat' dir='ltr'><strong>suspendi</strong></span> <span class='ocrx_word' id='word_1_169' title='bbox 836 3146 947 3218; x_wconf 88' lang='lat' dir='ltr'><strong>iubet.</strong></span> <span class='ocrx_word' id='word_1_170' title='bbox 978 3149 1022 3218; x_wconf 88' lang='lat' dir='ltr'><strong>Et</strong></span> <span class='ocrx_word' id='word_1_171' title='bbox 1036 3150 1187 3218; x_wconf 90' lang='lat' dir='ltr'><strong>tandem</strong></span> <span class='ocrx_word' id='word_1_172' title='bbox 1206 3149 1360 3221; x_wconf 89' lang='lat' dir='ltr'><strong>Calvum</strong></span> <span class='ocrx_word' id='word_1_173' title='bbox 1377 3146 1510 3242; x_wconf 90' lang='lat' dir='ltr'><strong>recipit</strong></span> 
     </span>
     <span class='ocr_line' id='line_1_28' title="bbox 417 3244 1508 3345; baseline 0 -28"><span class='ocrx_word' id='word_1_174' title='bbox 417 3249 462 3318; x_wconf 90' lang='lat' dir='ltr'><strong>ad</strong></span> <span class='ocrx_word' id='word_1_175' title='bbox 482 3249 698 3317; x_wconf 91' lang='lat' dir='ltr'><strong>mandatum</strong></span> <span class='ocrx_word' id='word_1_176' title='bbox 718 3257 756 3318; x_wconf 89' lang='lat' dir='ltr'><strong>ct</strong></span> <span class='ocrx_word' id='word_1_177' title='bbox 773 3244 991 3319; x_wconf 84' lang='lat' dir='ltr'><strong>fidelitatem</strong></span> <span class='ocrx_word' id='word_1_178' title='bbox 1011 3272 1130 3318; x_wconf 90' lang='lat' dir='ltr'><strong>suam.</strong></span> <span class='ocrx_word' id='word_1_179' title='bbox 1168 3250 1332 3345; x_wconf 91' lang='lat' dir='ltr'><strong>lndeque</strong></span> <span class='ocrx_word' id='word_1_180' title='bbox 1351 3273 1426 3318; x_wconf 92' lang='lat' dir='ltr'><strong>non</strong></span> <span class='ocrx_word' id='word_1_181' title='bbox 1445 3251 1508 3318; x_wconf 93' lang='lat' dir='ltr'><strong>ob-</strong></span> 
     </span>
     <span class='ocr_line' id='line_1_29' title="bbox 417 3347 1508 3444; baseline -0.001 -25"><span class='ocrx_word' id='word_1_182' title='bbox 417 3347 601 3419; x_wconf 86' lang='lat' dir='ltr'><strong>stantibus</strong></span> <span class='ocrx_word' id='word_1_183' title='bbox 631 3348 799 3419; x_wconf 89' lang='lat' dir='ltr'><strong>hostibus</strong></span> <span class='ocrx_word' id='word_1_184' title='bbox 827 3372 894 3444; x_wconf 87' lang='lat' dir='ltr'><strong>per</strong></span> <span class='ocrx_word' id='word_1_185' title='bbox 919 3348 1107 3440; x_wconf 88' lang='lat' dir='ltr'><strong>Ryardum</strong></span> <span class='ocrx_word' id='word_1_186' title='bbox 1131 3349 1276 3422; x_wconf 89' lang='lat' dir='ltr'><strong>habens</strong></span> <span class='ocrx_word' id='word_1_187' title='bbox 1309 3348 1508 3420; x_wconf 89' lang='lat' dir='ltr'><strong>transitum</strong></span> 
     </span>
     <span class='ocr_line' id='line_1_30' title="bbox 416 3447 1507 3546; baseline -0.001 -28"><span class='ocrx_word' id='word_1_188' title='bbox 416 3451 461 3519; x_wconf 86' lang='lat' dir='ltr'><strong>ad</strong></span> <span class='ocrx_word' id='word_1_189' title='bbox 476 3449 653 3520; x_wconf 89' lang='lat' dir='ltr'><strong>Sanctam</strong></span> <span class='ocrx_word' id='word_1_190' title='bbox 667 3448 822 3519; x_wconf 87' lang='lat' dir='ltr'><strong>Mariam</strong></span> <span class='ocrx_word' id='word_1_191' title='bbox 839 3451 884 3520; x_wconf 92' lang='lat' dir='ltr'><strong>de</strong></span> <span class='ocrx_word' id='word_1_192' title='bbox 897 3449 1067 3520; x_wconf 89' lang='lat' dir='ltr'><strong>Ferraria</strong></span> <span class='ocrx_word' id='word_1_193' title='bbox 1080 3450 1183 3522; x_wconf 90' lang='lat' dir='ltr'><strong>venit</strong></span> <span class='ocrx_word' id='word_1_194' title='bbox 1196 3449 1424 3546; x_wconf 74' lang='lat' dir='ltr'><strong>indempnis,</strong></span> <span class='ocrx_word' id='word_1_195' title='bbox 1443 3447 1507 3520; x_wconf 90' lang='lat' dir='ltr'><strong>ubi</strong></span> 
     </span>
     <span class='ocr_line' id='line_1_31' title="bbox 415 3548 1507 3646; baseline 0 -28"><span class='ocrx_word' id='word_1_196' title='bbox 415 3572 484 3644; x_wconf 92' lang='lat' dir='ltr'><strong>per</strong></span> <span class='ocrx_word' id='word_1_197' title='bbox 506 3548 666 3619; x_wconf 89' lang='lat' dir='ltr'><strong>triduum</strong></span> <span class='ocrx_word' id='word_1_198' title='bbox 695 3572 839 3620; x_wconf 90' lang='lat' dir='ltr'><strong>moram</strong></span> <span class='ocrx_word' id='word_1_199' title='bbox 867 3549 1007 3620; x_wconf 83' lang='lat' dir='ltr'><strong>faciens</strong></span> <span class='ocrx_word' id='word_1_200' title='bbox 1026 3549 1238 3642; x_wconf 84' lang='lat' dir='ltr'><strong>Vayranum</strong></span> <span class='ocrx_word' id='word_1_201' title='bbox 1265 3550 1408 3646; x_wconf 89' lang='lat' dir='ltr'><strong>recipit,</strong></span> <span class='ocrx_word' id='word_1_202' title='bbox 1433 3548 1507 3619; x_wconf 85' lang='lat' dir='ltr'><strong>Ali-</strong></span> 
     </span>
     <span class='ocr_line' id='line_1_32' title="bbox 416 3646 1507 3745; baseline -0.001 -26"><span class='ocrx_word' id='word_1_203' title='bbox 416 3649 542 3745; x_wconf 89' lang='lat' dir='ltr'><strong>phiam</strong></span> <span class='ocrx_word' id='word_1_204' title='bbox 558 3659 595 3720; x_wconf 90' lang='lat' dir='ltr'><strong>et</strong></span> <span class='ocrx_word' id='word_1_205' title='bbox 602 3649 806 3719; x_wconf 81' lang='lat' dir='ltr'><strong>Venafrum</strong></span> <span class='ocrx_word' id='word_1_206' title='bbox 822 3657 988 3720; x_wconf 88' lang='lat' dir='ltr'><strong>ettotam</strong></span> <span class='ocrx_word' id='word_1_207' title='bbox 1003 3659 1143 3720; x_wconf 84' lang='lat' dir='ltr'><strong>terram</strong></span> <span class='ocrx_word' id='word_1_208' title='bbox 1156 3648 1315 3721; x_wconf 89' lang='lat' dir='ltr'><strong>liliorum</strong></span> <span class='ocrx_word' id='word_1_209' title='bbox 1328 3646 1507 3722; x_wconf 86' lang='lat' dir='ltr'><strong>Pandulfi.</strong></span> 
     </span>
    </p>

    <p class='ocr_par' dir='ltr' id='par_1_15' title="bbox 415 3748 1508 4148">
     <span class='ocr_line' id='line_1_33' title="bbox 491 3748 1508 3848; baseline -0.002 -27"><span class='ocrx_word' id='word_1_210' title='bbox 491 3749 618 3822; x_wconf 89' lang='lat' dir='ltr'><strong>Dictus</strong></span> <span class='ocrx_word' id='word_1_211' title='bbox 632 3772 722 3821; x_wconf 89' lang='lat' dir='ltr'><strong>vero</strong></span> <span class='ocrx_word' id='word_1_212' title='bbox 735 3748 908 3843; x_wconf 84' lang='lat' dir='ltr'><strong>Pelagius</strong></span> <span class='ocrx_word' id='word_1_213' title='bbox 920 3750 1143 3822; x_wconf 86' lang='lat' dir='ltr'><strong>Albanensis</strong></span> <span class='ocrx_word' id='word_1_214' title='bbox 1159 3751 1375 3848; x_wconf 77' lang='lat' dir='ltr'><strong>episcopuS,</strong></span> <span class='ocrx_word' id='word_1_215' title='bbox 1390 3761 1427 3822; x_wconf 88' lang='lat' dir='ltr'><strong>et</strong></span> <span class='ocrx_word' id='word_1_216' title='bbox 1440 3773 1508 3821; x_wconf 85' lang='lat' dir='ltr'><strong>rex</strong></span> 
     </span>
     <span class='ocr_line' id='line_1_34' title="bbox 416 3848 1508 3946; baseline 0.001 -28"><span class='ocrx_word' id='word_1_217' title='bbox 416 3851 603 3946; x_wconf 89' lang='lat' dir='ltr'><strong>quondam</strong></span> <span class='ocrx_word' id='word_1_218' title='bbox 621 3848 970 3922; x_wconf 87' lang='lat' dir='ltr'><strong>lherosolimitanus</strong></span> <span class='ocrx_word' id='word_1_219' title='bbox 990 3875 1058 3946; x_wconf 88' lang='lat' dir='ltr'><strong>per</strong></span> <span class='ocrx_word' id='word_1_220' title='bbox 1076 3850 1253 3922; x_wconf 83' lang='lat' dir='ltr'><strong>Melinum</strong></span> <span class='ocrx_word' id='word_1_221' title='bbox 1277 3851 1348 3922; x_wconf 89' lang='lat' dir='ltr'><strong>iter</strong></span> <span class='ocrx_word' id='word_1_222' title='bbox 1367 3851 1508 3922; x_wconf 93' lang='lat' dir='ltr'><strong>haben-</strong></span> 
     </span>
     <span class='ocr_line' id='line_1_35' title="bbox 415 3949 1508 4044; baseline 0.002 -25"><span class='ocrx_word' id='word_1_223' title='bbox 415 3959 487 4041; x_wconf 79' lang='lat' dir='ltr'><strong>tes,</strong></span> <span class='ocrx_word' id='word_1_224' title='bbox 515 3973 600 4020; x_wconf 91' lang='lat' dir='ltr'><strong>cum</strong></span> <span class='ocrx_word' id='word_1_225' title='bbox 619 3959 696 4021; x_wconf 92' lang='lat' dir='ltr'><strong>toto</strong></span> <span class='ocrx_word' id='word_1_226' title='bbox 717 3949 881 4021; x_wconf 88' lang='lat' dir='ltr'><strong>exercitu</strong></span> <span class='ocrx_word' id='word_1_227' title='bbox 903 3951 1104 4023; x_wconf 88' lang='lat' dir='ltr'><strong>blinianum</strong></span> <span class='ocrx_word' id='word_1_228' title='bbox 1133 3963 1329 4044; x_wconf 85' lang='lat' dir='ltr'><strong>venerunt,</strong></span> <span class='ocrx_word' id='word_1_229' title='bbox 1357 3961 1394 4022; x_wconf 91' lang='lat' dir='ltr'><strong>et</strong></span> <span class='ocrx_word' id='word_1_230' title='bbox 1420 3949 1508 4022; x_wconf 91' lang='lat' dir='ltr'><strong>inde</strong></span> 
     </span>
     <span class='ocr_line' id='line_1_36' title="bbox 415 4049 1300 4148; baseline 0.007 -29"><span class='ocrx_word' id='word_1_231' title='bbox 415 4049 528 4120; x_wconf 90' lang='lat' dir='ltr'><strong>celeri</strong></span> <span class='ocrx_word' id='word_1_232' title='bbox 548 4050 636 4146; x_wconf 82' lang='lat' dir='ltr'><strong>luga</strong></span> <span class='ocrx_word' id='word_1_233' title='bbox 654 4050 842 4148; x_wconf 88' lang='lat' dir='ltr'><strong>petierunt</strong></span> <span class='ocrx_word' id='word_1_234' title='bbox 860 4051 1038 4123; x_wconf 86' lang='lat' dir='ltr'><strong>Sanctum</strong></span> <span class='ocrx_word' id='word_1_235' title='bbox 1059 4053 1300 4125; x_wconf 90' lang='lat' dir='ltr'><strong>Germanum.</strong></span> 
     </span>
    </p>

    <p class='ocr_par' dir='ltr' id='par_1_16' title="bbox 417 4149 1510 4348">
     <span class='ocr_line' id='line_1_37' title="bbox 489 4149 1510 4244; baseline 0.003 -25"><span class='ocrx_word' id='word_1_236' title='bbox 489 4149 565 4221; x_wconf 87' lang='lat' dir='ltr'><strong>lllis</strong></span> <span class='ocrx_word' id='word_1_237' title='bbox 592 4151 722 4224; x_wconf 89' lang='lat' dir='ltr'><strong>diebus</strong></span> <span class='ocrx_word' id='word_1_238' title='bbox 750 4151 923 4224; x_wconf 90' lang='lat' dir='ltr'><strong>homines</strong></span> <span class='ocrx_word' id='word_1_239' title='bbox 952 4152 1078 4224; x_wconf 92' lang='lat' dir='ltr'><strong>Sancti</strong></span> <span class='ocrx_word' id='word_1_240' title='bbox 1106 4152 1282 4225; x_wconf 90' lang='lat' dir='ltr'><strong>Germani</strong></span> <span class='ocrx_word' id='word_1_241' title='bbox 1316 4151 1510 4244; x_wconf 87' lang='lat' dir='ltr'><strong>timentes,</strong></span> 
     </span>
     <span class='ocr_line' id='line_1_38' title="bbox 417 4250 1509 4348; baseline 0.006 -31"><span class='ocrx_word' id='word_1_242' title='bbox 417 4271 463 4318; x_wconf 90' lang='lat' dir='ltr'><strong>ne</strong></span> <span class='ocrx_word' id='word_1_243' title='bbox 484 4250 627 4346; x_wconf 91' lang='lat' dir='ltr'><strong>papalis</strong></span> <span class='ocrx_word' id='word_1_244' title='bbox 648 4251 833 4323; x_wconf 87' lang='lat' dir='ltr'><strong>exercitus</strong></span> <span class='ocrx_word' id='word_1_245' title='bbox 853 4263 917 4322; x_wconf 92' lang='lat' dir='ltr'><strong>aut</strong></span> <span class='ocrx_word' id='word_1_246' title='bbox 936 4251 1117 4348; x_wconf 90' lang='lat' dir='ltr'><strong>imperiali</strong></span> <span class='ocrx_word' id='word_1_247' title='bbox 1137 4256 1288 4325; x_wconf 89' lang='lat' dir='ltr'><strong>cederet</strong></span> <span class='ocrx_word' id='word_1_248' title='bbox 1307 4262 1369 4324; x_wconf 92' lang='lat' dir='ltr'><strong>aut</strong></span> <span class='ocrx_word' id='word_1_249' title='bbox 1386 4251 1509 4324; x_wconf 92' lang='lat' dir='ltr'><strong>victus</strong></span> 
     </span>
    </p>
   </div>
   <div class='ocr_carea' id='block_1_10' title="bbox 0 0 1680 5026">
    <p class='ocr_par' dir='ltr' id='par_1_17' title="bbox 0 0 1680 5026">
     <span class='ocr_line' id='line_1_39' title="bbox 0 0 1680 5026; baseline 0 1"><span class='ocrx_word' id='word_1_250' title='bbox 0 0 1680 5026; x_wconf 95' lang='lat' dir='ltr'><strong> </strong></span> 
     </span>
    </p>
   </div>
  </div>
 </body>
</html>
