<?xml version="1.0" encoding="UTF-8"?>
<!DOCTYPE html PUBLIC "-//W3C//DTD XHTML 1.0 Transitional//EN"
    "http://www.w3.org/TR/xhtml1/DTD/xhtml1-transitional.dtd">
<html xmlns="http://www.w3.org/1999/xhtml" xml:lang="en" lang="en">
 <head>
  <title>
</title>
<meta http-equiv="Content-Type" content="text/html;charset=utf-8" />
  <meta name='ocr-system' content='tesseract 3.04.00' />
  <meta name='ocr-capabilities' content='ocr_page ocr_carea ocr_par ocr_line ocrx_word'/>
</head>
<body>
  <div class='ocr_page' id='page_1' title='image "./ryccardidesanct00ricagoog_0074.png"; bbox 0 0 3326 5022; ppageno 0'>
   <div class='ocr_carea' id='block_1_1' title="bbox 444 398 1339 495">
    <p class='ocr_par' dir='ltr' id='par_1_1' title="bbox 444 398 1339 495">
     <span class='ocr_line' id='line_1_1' title="bbox 444 398 1339 495; baseline -0.004 0"><span class='ocrx_word' id='word_1_1' title='bbox 444 423 491 495; x_wconf 82' lang='lat' dir='ltr'>aa</span> <span class='ocrx_word' id='word_1_2' title='bbox 582 445 587 452; x_wconf 94' lang='lat'><em>·</em></span> <span class='ocrx_word' id='word_1_3' title='bbox 646 415 928 492; x_wconf 80' lang='lat' dir='ltr'>arccannus</span> <span class='ocrx_word' id='word_1_4' title='bbox 956 413 1017 490; x_wconf 82' lang='lat' dir='ltr'>on</span> <span class='ocrx_word' id='word_1_5' title='bbox 1044 418 1081 491; x_wconf 86' lang='lat' dir='ltr'>s.</span> <span class='ocrx_word' id='word_1_6' title='bbox 1109 398 1339 491; x_wconf 72' lang='lat' dir='ltr'>cannino</span> 
     </span>
    </p>
   </div>
   <div class='ocr_carea' id='block_1_2' title="bbox 347 617 1654 4246">
    <p class='ocr_par' dir='ltr' id='par_1_2' title="bbox 445 617 1654 1120">
     <span class='ocr_line' id='line_1_2' title="bbox 520 617 1652 716; baseline -0.002 -24"><span class='ocrx_word' id='word_1_7' title='bbox 520 619 705 692; x_wconf 90' lang='lat' dir='ltr'>Honorius</span> <span class='ocrx_word' id='word_1_8' title='bbox 734 643 833 716; x_wconf 94' lang='lat' dir='ltr'>papa</span> <span class='ocrx_word' id='word_1_9' title='bbox 867 619 965 691; x_wconf 84' lang='lat' dir='ltr'>Urbe</span> <span class='ocrx_word' id='word_1_10' title='bbox 994 617 1123 690; x_wconf 86' lang='lat' dir='ltr'>exiens</span> <span class='ocrx_word' id='word_1_11' title='bbox 1151 629 1305 716; x_wconf 89' lang='lat' dir='ltr'>propter</span> <span class='ocrx_word' id='word_1_12' title='bbox 1333 618 1545 692; x_wconf 83' lang='lat' dir='ltr'>seditiones</span> <span class='ocrx_word' id='word_1_13' title='bbox 1651 681 1652 706; x_wconf 30' lang='lat' dir='ltr'>p</span> 
     </span>
     <span class='ocr_line' id='line_1_3' title="bbox 447 718 1546 818; baseline -0.002 -24"><span class='ocrx_word' id='word_1_14' title='bbox 447 732 484 794; x_wconf 93' lang='lat' dir='ltr'>et</span> <span class='ocrx_word' id='word_1_15' title='bbox 503 721 598 794; x_wconf 91' lang='lat' dir='ltr'>bella</span> <span class='ocrx_word' id='word_1_16' title='bbox 619 744 690 817; x_wconf 93' lang='lat' dir='ltr'>que</span> <span class='ocrx_word' id='word_1_17' title='bbox 711 719 746 790; x_wconf 94' lang='lat' dir='ltr'>in</span> <span class='ocrx_word' id='word_1_18' title='bbox 767 743 810 790; x_wconf 89' lang='lat' dir='ltr'>ea</span> <span class='ocrx_word' id='word_1_19' title='bbox 832 718 924 793; x_wconf 86' lang='lat' dir='ltr'>fiunt</span> <span class='ocrx_word' id='word_1_20' title='bbox 943 722 1011 791; x_wconf 91' lang='lat' dir='ltr'>sub</span> <span class='ocrx_word' id='word_1_21' title='bbox 1031 718 1203 791; x_wconf 89' lang='lat' dir='ltr'>Parentio</span> <span class='ocrx_word' id='word_1_22' title='bbox 1223 730 1413 815; x_wconf 54' lang='lat' dir='ltr'>senatore³</span> <span class='ocrx_word' id='word_1_23' title='bbox 1441 723 1546 818; x_wconf 88' lang='lat' dir='ltr'>apud</span> 
     </span>
     <span class='ocr_line' id='line_1_4' title="bbox 445 819 1546 918; baseline -0.003 -23"><span class='ocrx_word' id='word_1_24' title='bbox 445 823 569 917; x_wconf 88' lang='lat' dir='ltr'>Tybur</span> <span class='ocrx_word' id='word_1_25' title='bbox 582 845 625 893; x_wconf 93' lang='lat' dir='ltr'>se</span> <span class='ocrx_word' id='word_1_26' title='bbox 636 819 808 916; x_wconf 74' lang='lat' dir='ltr'>contulit,</span> <span class='ocrx_word' id='word_1_27' title='bbox 823 823 868 892; x_wconf 94' lang='lat' dir='ltr'>ad</span> <span class='ocrx_word' id='word_1_28' title='bbox 880 843 991 916; x_wconf 91' lang='lat' dir='ltr'>quem</span> <span class='ocrx_word' id='word_1_29' title='bbox 1002 843 1068 917; x_wconf 91' lang='lat' dir='ltr'>pro</span> <span class='ocrx_word' id='word_1_30' title='bbox 1079 819 1433 917; x_wconf 86' lang='lat' dir='ltr'>dilationepassagii</span> <span class='ocrx_word' id='word_1_31' title='bbox 1448 821 1546 918; x_wconf 90' lang='lat' dir='ltr'>opti-</span> 
     </span>
     <span class='ocr_line' id='line_1_5' title="bbox 445 920 1545 1019; baseline -0.003 -24"><span class='ocrx_word' id='word_1_32' title='bbox 445 926 568 995; x_wconf 89' lang='lat' dir='ltr'>nenda</span> <span class='ocrx_word' id='word_1_33' title='bbox 588 922 815 1019; x_wconf 80' lang='lat' dir='ltr'>imperator·</span> <span class='ocrx_word' id='word_1_34' title='bbox 836 920 947 993; x_wconf 91' lang='lat' dir='ltr'>mittit</span> <span class='ocrx_word' id='word_1_35' title='bbox 965 944 1096 1016; x_wconf 89' lang='lat' dir='ltr'>regern</span> <span class='ocrx_word' id='word_1_36' title='bbox 1111 921 1320 1019; x_wconf 89' lang='lat' dir='ltr'>predictum</span> <span class='ocrx_word' id='word_1_37' title='bbox 1336 931 1373 993; x_wconf 91' lang='lat' dir='ltr'>et</span> <span class='ocrx_word' id='word_1_38' title='bbox 1386 922 1545 1019; x_wconf 89' lang='lat' dir='ltr'>patriar-</span> 
     </span>
     <span class='ocr_line' id='line_1_6' title="bbox 446 1021 1654 1120; baseline -0.003 -23"><span class='ocrx_word' id='word_1_39' title='bbox 446 1025 574 1118; x_wconf 78' lang='lat' dir='ltr'>cha1n3</span> <span class='ocrx_word' id='word_1_40' title='bbox 602 1021 663 1119; x_wconf 91' lang='lat' dir='ltr'>qui</span> <span class='ocrx_word' id='word_1_41' title='bbox 689 1033 816 1094; x_wconf 93' lang='lat' dir='ltr'>tamen</span> <span class='ocrx_word' id='word_1_42' title='bbox 841 1024 937 1119; x_wconf 91' lang='lat' dir='ltr'>apud</span> <span class='ocrx_word' id='word_1_43' title='bbox 963 1021 1081 1094; x_wconf 82' lang='lat' dir='ltr'>Reate</span> <span class='ocrx_word' id='word_1_44' title='bbox 1101 1045 1284 1120; x_wconf 87' lang='lat' dir='ltr'>accepere</span> <span class='ocrx_word' id='word_1_45' title='bbox 1304 1045 1544 1120; x_wconf 83' lang='lat' dir='ltr'>responsum.</span> <span class='ocrx_word' id='word_1_46' title='bbox 1653 1111 1654 1118; x_wconf 6' lang='grc' dir='ltr'>ἵ</span> 
     </span>
    </p>

    <p class='ocr_par' dir='ltr' id='par_1_3' title="bbox 446 1122 1654 2530">
     <span class='ocr_line' id='line_1_7' title="bbox 521 1122 1654 1220; baseline 0 -25"><span class='ocrx_word' id='word_1_47' title='bbox 521 1125 669 1196; x_wconf 85' lang='lat' dir='ltr'>lnterea</span> <span class='ocrx_word' id='word_1_48' title='bbox 695 1123 901 1220; x_wconf 87' lang='lat' dir='ltr'>imperator</span> <span class='ocrx_word' id='word_1_49' title='bbox 926 1146 1060 1195; x_wconf 92' lang='lat' dir='ltr'>omnes</span> <span class='ocrx_word' id='word_1_50' title='bbox 1092 1123 1200 1219; x_wconf 89' lang='lat' dir='ltr'>regni</span> <span class='ocrx_word' id='word_1_51' title='bbox 1228 1122 1394 1220; x_wconf 91' lang='lat' dir='ltr'>prelatos</span> <span class='ocrx_word' id='word_1_52' title='bbox 1422 1126 1468 1195; x_wconf 94' lang='lat' dir='ltr'>ad</span> <span class='ocrx_word' id='word_1_53' title='bbox 1498 1147 1544 1195; x_wconf 86' lang='lat' dir='ltr'>se</span> <span class='ocrx_word' id='word_1_54' title='bbox 1636 1149 1654 1182; x_wconf 63' lang='lat'>·,</span> 
     </span>
     <span class='ocr_line' id='line_1_8' title="bbox 446 1223 1654 1322; baseline -0.002 -26"><span class='ocrx_word' id='word_1_55' title='bbox 446 1225 483 1296; x_wconf 93' lang='lat' dir='ltr'>in</span> <span class='ocrx_word' id='word_1_56' title='bbox 503 1223 675 1322; x_wconf 81' lang='lat' dir='ltr'><strong>Apuliam</strong></span> <span class='ocrx_word' id='word_1_57' title='bbox 702 1233 825 1318; x_wconf 65' lang='lat' dir='ltr'>vocat,</span> <span class='ocrx_word' id='word_1_58' title='bbox 853 1233 891 1296; x_wconf 92' lang='lat' dir='ltr'>et</span> <span class='ocrx_word' id='word_1_59' title='bbox 909 1247 975 1295; x_wconf 92' lang='lat' dir='ltr'>eos</span> <span class='ocrx_word' id='word_1_60' title='bbox 996 1247 1223 1322; x_wconf 89' lang='lat' dir='ltr'>quamquam</span> <span class='ocrx_word' id='word_1_61' title='bbox 1243 1223 1379 1297; x_wconf 88' lang='lat' dir='ltr'>invitos</span> <span class='ocrx_word' id='word_1_62' title='bbox 1398 1224 1543 1295; x_wconf 92' lang='lat' dir='ltr'>tamdiu</span> <span class='ocrx_word' id='word_1_63' title='bbox 1653 1267 1654 1274; x_wconf 24' lang='grc' dir='ltr'><strong>κ</strong></span> 
     </span>
     <span class='ocr_line' id='line_1_9' title="bbox 447 1323 1543 1421; baseline -0.003 -23"><span class='ocrx_word' id='word_1_64' title='bbox 447 1349 578 1398; x_wconf 90' lang='lat' dir='ltr'>secum</span> <span class='ocrx_word' id='word_1_65' title='bbox 608 1324 775 1419; x_wconf 73' lang='lat' dir='ltr'>detinuit,</span> <span class='ocrx_word' id='word_1_66' title='bbox 802 1326 922 1396; x_wconf 92' lang='lat' dir='ltr'>donec</span> <span class='ocrx_word' id='word_1_67' title='bbox 950 1347 1017 1420; x_wconf 88' lang='lat' dir='ltr'>per</span> <span class='ocrx_word' id='word_1_68' title='bbox 1041 1323 1145 1421; x_wconf 86' lang='lat' dir='ltr'>ipsos</span> <span class='ocrx_word' id='word_1_69' title='bbox 1171 1345 1303 1421; x_wconf 85' lang='lat' dir='ltr'>regern</span> <span class='ocrx_word' id='word_1_70' title='bbox 1330 1334 1368 1397; x_wconf 92' lang='lat' dir='ltr'>et</span> <span class='ocrx_word' id='word_1_71' title='bbox 1386 1324 1543 1421; x_wconf 87' lang='lat' dir='ltr'>patriar·</span> 
     </span>
     <span class='ocr_line' id='line_1_10' title="bbox 448 1424 1542 1523; baseline -0.002 -25"><span class='ocrx_word' id='word_1_72' title='bbox 448 1428 558 1498; x_wconf 89' lang='lat' dir='ltr'>cbam</span> <span class='ocrx_word' id='word_1_73' title='bbox 579 1425 647 1498; x_wconf 92' lang='lat' dir='ltr'>sibi</span> <span class='ocrx_word' id='word_1_74' title='bbox 667 1449 734 1523; x_wconf 90' lang='lat' dir='ltr'>pro</span> <span class='ocrx_word' id='word_1_75' title='bbox 753 1435 854 1497; x_wconf 89' lang='lat' dir='ltr'>certo</span> <span class='ocrx_word' id='word_1_76' title='bbox 873 1425 1045 1519; x_wconf 73' lang='lat' dir='ltr'>innotuit,</span> <span class='ocrx_word' id='word_1_77' title='bbox 1065 1428 1160 1522; x_wconf 89' lang='lat' dir='ltr'>quod</span> <span class='ocrx_word' id='word_1_78' title='bbox 1182 1449 1202 1496; x_wconf 94' lang='lat' dir='ltr'>a</span> <span class='ocrx_word' id='word_1_79' title='bbox 1222 1450 1319 1522; x_wconf 92' lang='lat' dir='ltr'>papa</span> <span class='ocrx_word' id='word_1_80' title='bbox 1335 1424 1542 1521; x_wconf 84' lang='lat' dir='ltr'>benignum</span> 
     </span>
     <span class='ocr_line' id='line_1_11' title="bbox 448 1525 1545 1623; baseline -0.002 -23"><span class='ocrx_word' id='word_1_81' title='bbox 448 1537 672 1623; x_wconf 84' lang='lat' dir='ltr'>receperant</span> <span class='ocrx_word' id='word_1_82' title='bbox 707 1549 945 1623; x_wconf 86' lang='lat' dir='ltr'>responsum¹</span> <span class='ocrx_word' id='word_1_83' title='bbox 971 1549 1086 1623; x_wconf 89' lang='lat' dir='ltr'>super</span> <span class='ocrx_word' id='word_1_84' title='bbox 1117 1527 1187 1598; x_wconf 91' lang='lat' dir='ltr'>biis</span> <span class='ocrx_word' id='word_1_85' title='bbox 1219 1529 1263 1598; x_wconf 90' lang='lat' dir='ltr'>ad</span> <span class='ocrx_word' id='word_1_86' title='bbox 1293 1549 1365 1623; x_wconf 89' lang='lat' dir='ltr'>que</span> <span class='ocrx_word' id='word_1_87' title='bbox 1393 1525 1545 1598; x_wconf 86' lang='lat' dir='ltr'>fuerant</span> 
     </span>
     <span class='ocr_line' id='line_1_12' title="bbox 447 1625 1543 1726; baseline 0 -28"><span class='ocrx_word' id='word_1_88' title='bbox 447 1627 572 1726; x_wconf 81' lang='lat' dir='ltr'>missi3</span> <span class='ocrx_word' id='word_1_89' title='bbox 599 1627 731 1723; x_wconf 90' lang='lat' dir='ltr'>quibus</span> <span class='ocrx_word' id='word_1_90' title='bbox 752 1629 795 1698; x_wconf 88' lang='lat' dir='ltr'>ad</span> <span class='ocrx_word' id='word_1_91' title='bbox 817 1650 987 1698; x_wconf 80' lang='lat' dir='ltr'>cesarem</span> <span class='ocrx_word' id='word_1_92' title='bbox 1014 1627 1268 1720; x_wconf 66' lang='lat' dir='ltr'>redeuntibus7</span> <span class='ocrx_word' id='word_1_93' title='bbox 1296 1629 1340 1698; x_wconf 94' lang='lat' dir='ltr'>ad</span> <span class='ocrx_word' id='word_1_94' title='bbox 1360 1625 1543 1700; x_wconf 88' lang='lat' dir='ltr'>Sanctum</span> 
     </span>
     <span class='ocr_line' id='line_1_13' title="bbox 449 1727 1543 1824; baseline -0.002 -24"><span class='ocrx_word' id='word_1_95' title='bbox 449 1728 679 1800; x_wconf 87' lang='lat' dir='ltr'>Germanum</span> <span class='ocrx_word' id='word_1_96' title='bbox 700 1729 757 1801; x_wconf 81' lang='lat'>22.</span> <span class='ocrx_word' id='word_1_97' title='bbox 777 1727 855 1798; x_wconf 92' lang='lat' dir='ltr'>lulii</span> <span class='ocrx_word' id='word_1_98' title='bbox 883 1750 967 1798; x_wconf 91' lang='lat' dir='ltr'>cum</span> <span class='ocrx_word' id='word_1_99' title='bbox 995 1727 1050 1799; x_wconf 90' lang='lat' dir='ltr'>eis</span> <span class='ocrx_word' id='word_1_100' title='bbox 1077 1751 1120 1799; x_wconf 90' lang='lat' dir='ltr'>se</span> <span class='ocrx_word' id='word_1_101' title='bbox 1147 1727 1302 1799; x_wconf 89' lang='lat' dir='ltr'>contulit</span> <span class='ocrx_word' id='word_1_102' title='bbox 1324 1727 1543 1824; x_wconf 71' lang='lat' dir='ltr'>imperator,</span> 
     </span>
     <span class='ocr_line' id='line_1_14' title="bbox 449 1827 1545 1925; baseline -0.002 -23"><span class='ocrx_word' id='word_1_103' title='bbox 449 1829 571 1924; x_wconf 88' lang='lat' dir='ltr'>ibique</span> <span class='ocrx_word' id='word_1_104' title='bbox 598 1831 642 1899; x_wconf 87' lang='lat' dir='ltr'>ad</span> <span class='ocrx_word' id='word_1_105' title='bbox 667 1851 752 1900; x_wconf 94' lang='lat' dir='ltr'>eum</span> <span class='ocrx_word' id='word_1_106' title='bbox 774 1827 880 1900; x_wconf 91' lang='lat' dir='ltr'>missi</span> <span class='ocrx_word' id='word_1_107' title='bbox 900 1852 920 1898; x_wconf 94' lang='lat' dir='ltr'>a</span> <span class='ocrx_word' id='word_1_108' title='bbox 940 1851 1036 1925; x_wconf 88' lang='lat' dir='ltr'>papa</span> <span class='ocrx_word' id='word_1_109' title='bbox 1056 1830 1128 1900; x_wconf 92' lang='lat' dir='ltr'>duo</span> <span class='ocrx_word' id='word_1_110' title='bbox 1149 1827 1302 1900; x_wconf 93' lang='lat' dir='ltr'>veniunt</span> <span class='ocrx_word' id='word_1_111' title='bbox 1321 1827 1545 1921; x_wconf 68' lang='lat' dir='ltr'>cardinales,</span> 
     </span>
     <span class='ocr_line' id='line_1_15' title="bbox 447 1927 1545 2027; baseline -0.001 -26"><span class='ocrx_word' id='word_1_112' title='bbox 447 1927 623 2025; x_wconf 84' lang='lat' dir='ltr'>Pelagius</span> <span class='ocrx_word' id='word_1_113' title='bbox 643 1927 787 2000; x_wconf 89' lang='lat' dir='ltr'>scilicet</span> <span class='ocrx_word' id='word_1_114' title='bbox 799 1929 1022 2000; x_wconf 88' lang='lat' dir='ltr'>Albanensis</span> <span class='ocrx_word' id='word_1_115' title='bbox 1042 1927 1244 2027; x_wconf 91' lang='lat' dir='ltr'>episcopus</span> <span class='ocrx_word' id='word_1_116' title='bbox 1262 1939 1299 2000; x_wconf 92' lang='lat' dir='ltr'>et</span> <span class='ocrx_word' id='word_1_117' title='bbox 1314 1928 1433 2001; x_wconf 91' lang='lat' dir='ltr'>Gualo</span> <span class='ocrx_word' id='word_1_118' title='bbox 1449 1928 1545 2001; x_wconf 89' lang='lat' dir='ltr'>tituli</span> 
     </span>
     <span class='ocr_line' id='line_1_16' title="bbox 449 2029 1545 2127; baseline -0.001 -24"><span class='ocrx_word' id='word_1_119' title='bbox 449 2029 575 2103; x_wconf 86' lang='lat' dir='ltr'>Sancti</span> <span class='ocrx_word' id='word_1_120' title='bbox 595 2029 741 2101; x_wconf 80' lang='lat' dir='ltr'>lllartini</span> <span class='ocrx_word' id='word_1_121' title='bbox 761 2033 958 2127; x_wconf 88' lang='lat' dir='ltr'>presbyter</span> <span class='ocrx_word' id='word_1_122' title='bbox 977 2029 1185 2102; x_wconf 88' lang='lat' dir='ltr'>cardinalis.</span> <span class='ocrx_word' id='word_1_123' title='bbox 1234 2030 1278 2101; x_wconf 81' lang='lat' dir='ltr'>Et</span> <span class='ocrx_word' id='word_1_124' title='bbox 1295 2039 1385 2101; x_wconf 91' lang='lat' dir='ltr'>tunc</span> <span class='ocrx_word' id='word_1_125' title='bbox 1403 2029 1440 2100; x_wconf 92' lang='lat' dir='ltr'>in</span> <span class='ocrx_word' id='word_1_126' title='bbox 1459 2031 1545 2127; x_wconf 87' lang='lat' dir='ltr'>ipsa</span> 
     </span>
     <span class='ocr_line' id='line_1_17' title="bbox 450 2129 1546 2228; baseline -0.002 -26"><span class='ocrx_word' id='word_1_127' title='bbox 450 2130 609 2204; x_wconf 87' lang='lat' dir='ltr'>ecclesia</span> <span class='ocrx_word' id='word_1_128' title='bbox 636 2130 762 2205; x_wconf 86' lang='lat' dir='ltr'>Sancti</span> <span class='ocrx_word' id='word_1_129' title='bbox 790 2129 968 2202; x_wconf 90' lang='lat' dir='ltr'>Germani</span> <span class='ocrx_word' id='word_1_130' title='bbox 995 2130 1113 2202; x_wconf 91' lang='lat' dir='ltr'>dictus</span> <span class='ocrx_word' id='word_1_131' title='bbox 1145 2130 1350 2228; x_wconf 88' lang='lat' dir='ltr'>imperator</span> <span class='ocrx_word' id='word_1_132' title='bbox 1380 2131 1546 2227; x_wconf 88' lang='lat' dir='ltr'>capitula</span> 
     </span>
     <span class='ocr_line' id='line_1_18' title="bbox 450 2231 1546 2329; baseline -0.001 -25"><span class='ocrx_word' id='word_1_133' title='bbox 450 2233 522 2304; x_wconf 91' lang='lat' dir='ltr'>bec</span> <span class='ocrx_word' id='word_1_134' title='bbox 549 2255 703 2304; x_wconf 87' lang='lat' dir='ltr'>servare</span> <span class='ocrx_word' id='word_1_135' title='bbox 729 2231 881 2324; x_wconf 63' lang='lat' dir='ltr'>iuravit,</span> <span class='ocrx_word' id='word_1_136' title='bbox 915 2231 1105 2303; x_wconf 90' lang='lat' dir='ltr'>videlicet:</span> <span class='ocrx_word' id='word_1_137' title='bbox 1141 2235 1236 2329; x_wconf 90' lang='lat' dir='ltr'>quod</span> <span class='ocrx_word' id='word_1_138' title='bbox 1261 2231 1349 2303; x_wconf 92' lang='lat' dir='ltr'>hinc</span> <span class='ocrx_word' id='word_1_139' title='bbox 1374 2231 1419 2301; x_wconf 92' lang='lat' dir='ltr'>ad</span> <span class='ocrx_word' id='word_1_140' title='bbox 1445 2231 1546 2303; x_wconf 89' lang='lat' dir='ltr'>duos</span> 
     </span>
     <span class='ocr_line' id='line_1_19' title="bbox 450 2327 1547 2429; baseline -0.003 -24"><span class='ocrx_word' id='word_1_141' title='bbox 450 2357 569 2406; x_wconf 89' lang='lat' dir='ltr'>annos</span> <span class='ocrx_word' id='word_1_142' title='bbox 589 2334 626 2404; x_wconf 93' lang='lat' dir='ltr'>in</span> <span class='ocrx_word' id='word_1_143' title='bbox 645 2327 813 2428; x_wconf 83' lang='lat' dir='ltr'>Augusto</span> <span class='ocrx_word' id='word_1_144' title='bbox 833 2333 1077 2429; x_wconf 89' lang='lat' dir='ltr'>complendos</span> <span class='ocrx_word' id='word_1_145' title='bbox 1098 2332 1348 2428; x_wconf 86' lang='lat' dir='ltr'>personaliter</span> <span class='ocrx_word' id='word_1_146' title='bbox 1366 2331 1547 2402; x_wconf 79' lang='lat' dir='ltr'>transfre-</span> 
     </span>
     <span class='ocr_line' id='line_1_20' title="bbox 449 2431 1546 2530; baseline -0.002 -24"><span class='ocrx_word' id='word_1_147' title='bbox 449 2435 539 2507; x_wconf 88' lang='lat' dir='ltr'>tabit</span> <span class='ocrx_word' id='word_1_148' title='bbox 562 2434 597 2504; x_wconf 92' lang='lat' dir='ltr'>in</span> <span class='ocrx_word' id='word_1_149' title='bbox 626 2434 830 2506; x_wconf 88' lang='lat' dir='ltr'>subsidium</span> <span class='ocrx_word' id='word_1_150' title='bbox 850 2444 949 2506; x_wconf 90' lang='lat' dir='ltr'>terre</span> <span class='ocrx_word' id='word_1_151' title='bbox 970 2444 1113 2525; x_wconf 62' lang='lat' dir='ltr'>sancta</span> <span class='ocrx_word' id='word_1_152' title='bbox 1140 2433 1262 2530; x_wconf 88' lang='lat' dir='ltr'>ibique</span> <span class='ocrx_word' id='word_1_153' title='bbox 1282 2433 1423 2505; x_wconf 91' lang='lat' dir='ltr'>tenebit</span> <span class='ocrx_word' id='word_1_154' title='bbox 1442 2431 1546 2504; x_wconf 90' lang='lat' dir='ltr'>mille</span> 
     </span>
    </p>

    <p class='ocr_par' dir='ltr' id='par_1_4' title="bbox 347 2533 1552 4246">
     <span class='ocr_line' id='line_1_21' title="bbox 370 2533 1548 2632; baseline -0.002 -26"><span class='ocrx_word' id='word_1_155' title='bbox 370 2565 374 2570; x_wconf 54' lang='lat'><strong><em>¹</em></strong></span> <span class='ocrx_word' id='word_1_156' title='bbox 451 2534 588 2606; x_wconf 88' lang='lat' dir='ltr'>milites</span> <span class='ocrx_word' id='word_1_157' title='bbox 614 2558 682 2632; x_wconf 91' lang='lat' dir='ltr'>per</span> <span class='ocrx_word' id='word_1_158' title='bbox 709 2533 899 2607; x_wconf 89' lang='lat' dir='ltr'>biennium</span> <span class='ocrx_word' id='word_1_159' title='bbox 926 2536 971 2605; x_wconf 91' lang='lat' dir='ltr'>ad</span> <span class='ocrx_word' id='word_1_160' title='bbox 999 2533 1190 2606; x_wconf 88' lang='lat' dir='ltr'>servitium</span> <span class='ocrx_word' id='word_1_161' title='bbox 1219 2558 1342 2628; x_wconf 65' lang='lat' dir='ltr'>suum,</span> <span class='ocrx_word' id='word_1_162' title='bbox 1371 2543 1409 2604; x_wconf 88' lang='lat' dir='ltr'>ot</span> <span class='ocrx_word' id='word_1_163' title='bbox 1435 2535 1548 2605; x_wconf 90' lang='lat' dir='ltr'>ducet</span> 
     </span>
     <span class='ocr_line' id='line_1_22' title="bbox 451 2633 1547 2731; baseline -0.001 -24"><span class='ocrx_word' id='word_1_164' title='bbox 451 2658 582 2707; x_wconf 89' lang='lat' dir='ltr'>secum</span> <span class='ocrx_word' id='word_1_165' title='bbox 599 2645 750 2708; x_wconf 90' lang='lat' dir='ltr'>centum</span> <span class='ocrx_word' id='word_1_166' title='bbox 766 2635 1004 2730; x_wconf 67' lang='lat' dir='ltr'>chelandroS,</span> <span class='ocrx_word' id='word_1_167' title='bbox 1020 2635 1264 2708; x_wconf 89' lang='lat' dir='ltr'>ettenebitibi</span> <span class='ocrx_word' id='word_1_168' title='bbox 1276 2633 1547 2731; x_wconf 82' lang='lat' dir='ltr'>quinquaginta</span> 
     </span>
     <span class='ocr_line' id='line_1_23' title="bbox 452 2735 1546 2834; baseline -0.002 -26"><span class='ocrx_word' id='word_1_169' title='bbox 452 2737 582 2834; x_wconf 80' lang='lat' dir='ltr'>galeas</span> <span class='ocrx_word' id='word_1_170' title='bbox 602 2740 698 2809; x_wconf 87' lang='lat' dir='ltr'>bene</span> <span class='ocrx_word' id='word_1_171' title='bbox 718 2747 894 2808; x_wconf 87' lang='lat' dir='ltr'>armatas.</span> <span class='ocrx_word' id='word_1_172' title='bbox 928 2735 1080 2808; x_wconf 92' lang='lat' dir='ltr'>lnterim</span> <span class='ocrx_word' id='word_1_173' title='bbox 1101 2736 1199 2808; x_wconf 91' lang='lat' dir='ltr'>dabit</span> <span class='ocrx_word' id='word_1_174' title='bbox 1217 2735 1436 2833; x_wconf 81' lang='lat' dir='ltr'>passagium</span> <span class='ocrx_word' id='word_1_175' title='bbox 1456 2738 1546 2809; x_wconf 92' lang='lat' dir='ltr'>duo-</span> 
     </span>
     <span class='ocr_line' id='line_1_24' title="bbox 452 2835 1546 2912; baseline -0.004 0"><span class='ocrx_word' id='word_1_176' title='bbox 452 2843 521 2912; x_wconf 92' lang='lat' dir='ltr'>bus</span> <span class='ocrx_word' id='word_1_177' title='bbox 541 2836 703 2912; x_wconf 89' lang='lat' dir='ltr'>millibus</span> <span class='ocrx_word' id='word_1_178' title='bbox 723 2837 879 2910; x_wconf 90' lang='lat' dir='ltr'>militum</span> <span class='ocrx_word' id='word_1_179' title='bbox 901 2847 937 2908; x_wconf 92' lang='lat' dir='ltr'>et</span> <span class='ocrx_word' id='word_1_180' title='bbox 956 2837 1106 2909; x_wconf 84' lang='lat' dir='ltr'>familiis</span> <span class='ocrx_word' id='word_1_181' title='bbox 1127 2839 1344 2909; x_wconf 89' lang='lat' dir='ltr'>eorumdem</span> <span class='ocrx_word' id='word_1_182' title='bbox 1371 2839 1408 2906; x_wconf 92' lang='lat' dir='ltr'>in</span> <span class='ocrx_word' id='word_1_183' title='bbox 1426 2835 1546 2908; x_wconf 90' lang='lat' dir='ltr'>tribus</span> 
     </span>
     <span class='ocr_line' id='line_1_25' title="bbox 452 2936 1547 3036; baseline -0.003 -26"><span class='ocrx_word' id='word_1_184' title='bbox 452 2937 659 3036; x_wconf 68' lang='lat' dir='ltr'>passagiis,</span> <span class='ocrx_word' id='word_1_185' title='bbox 687 2948 724 3009; x_wconf 91' lang='lat' dir='ltr'>et</span> <span class='ocrx_word' id='word_1_186' title='bbox 750 2961 816 3034; x_wconf 91' lang='lat' dir='ltr'>pro</span> <span class='ocrx_word' id='word_1_187' title='bbox 845 2937 962 3010; x_wconf 89' lang='lat' dir='ltr'>milito</span> <span class='ocrx_word' id='word_1_188' title='bbox 987 2936 1104 3010; x_wconf 90' lang='lat' dir='ltr'>tribus</span> <span class='ocrx_word' id='word_1_189' title='bbox 1133 2936 1251 3034; x_wconf 88' lang='lat' dir='ltr'>equis.</span> <span class='ocrx_word' id='word_1_190' title='bbox 1305 2938 1383 3008; x_wconf 86' lang='lat' dir='ltr'>Hoc</span> <span class='ocrx_word' id='word_1_191' title='bbox 1409 2947 1447 3008; x_wconf 90' lang='lat' dir='ltr'>et</span> <span class='ocrx_word' id='word_1_192' title='bbox 1473 2937 1547 3008; x_wconf 88' lang='lat' dir='ltr'>alia</span> 
     </span>
     <span class='ocr_line' id='line_1_26' title="bbox 453 3037 1548 3136; baseline -0.001 -26"><span class='ocrx_word' id='word_1_193' title='bbox 453 3038 615 3136; x_wconf 90' lang='lat' dir='ltr'>capitula</span> <span class='ocrx_word' id='word_1_194' title='bbox 633 3038 669 3110; x_wconf 94' lang='lat' dir='ltr'>in</span> <span class='ocrx_word' id='word_1_195' title='bbox 691 3038 770 3111; x_wconf 91' lang='lat' dir='ltr'>eius</span> <span class='ocrx_word' id='word_1_196' title='bbox 789 3037 979 3136; x_wconf 89' lang='lat' dir='ltr'>presentia</span> <span class='ocrx_word' id='word_1_197' title='bbox 999 3037 1108 3132; x_wconf 64' lang='lat' dir='ltr'>lecta7</span> <span class='ocrx_word' id='word_1_198' title='bbox 1136 3037 1374 3135; x_wconf 89' lang='lat' dir='ltr'>presentibus</span> <span class='ocrx_word' id='word_1_199' title='bbox 1398 3037 1548 3134; x_wconf 90' lang='lat' dir='ltr'>quibus·</span> 
     </span>
     <span class='ocr_line' id='line_1_27' title="bbox 453 3137 1547 3236; baseline -0.002 -24"><span class='ocrx_word' id='word_1_200' title='bbox 453 3142 537 3212; x_wconf 90' lang='lat' dir='ltr'>dam</span> <span class='ocrx_word' id='word_1_201' title='bbox 555 3138 774 3211; x_wconf 81' lang='lat' dir='ltr'>Alamannia</span> <span class='ocrx_word' id='word_1_202' title='bbox 790 3138 1032 3236; x_wconf 62' lang='lat' dir='ltr'>principibus7</span> <span class='ocrx_word' id='word_1_203' title='bbox 1051 3139 1238 3212; x_wconf 92' lang='lat' dir='ltr'>nonnulli-s</span> <span class='ocrx_word' id='word_1_204' title='bbox 1259 3139 1371 3211; x_wconf 90' lang='lat' dir='ltr'>etiam</span> <span class='ocrx_word' id='word_1_205' title='bbox 1391 3137 1547 3236; x_wconf 86' lang='lat' dir='ltr'>prelatis</span> 
     </span>
     <span class='ocr_line' id='line_1_28' title="bbox 454 3238 1547 3338; baseline -0.004 -26"><span class='ocrx_word' id='word_1_206' title='bbox 454 3249 492 3312; x_wconf 89' lang='lat' dir='ltr'>et</span> <span class='ocrx_word' id='word_1_207' title='bbox 516 3239 622 3336; x_wconf 92' lang='lat' dir='ltr'>regni</span> <span class='ocrx_word' id='word_1_208' title='bbox 651 3239 857 3335; x_wconf 72' lang='lat' dir='ltr'>nobilibus,</span> <span class='ocrx_word' id='word_1_209' title='bbox 893 3240 1064 3338; x_wconf 90' lang='lat' dir='ltr'>promisit</span> <span class='ocrx_word' id='word_1_210' title='bbox 1096 3241 1298 3338; x_wconf 91' lang='lat' dir='ltr'>imperator</span> <span class='ocrx_word' id='word_1_211' title='bbox 1331 3263 1373 3311; x_wconf 89' lang='lat' dir='ltr'>se</span> <span class='ocrx_word' id='word_1_212' title='bbox 1399 3238 1547 3337; x_wconf 90' lang='lat' dir='ltr'>publice</span> 
     </span>
     <span class='ocr_line' id='line_1_29' title="bbox 454 3341 1548 3414; baseline -0.005 -1"><span class='ocrx_word' id='word_1_213' title='bbox 454 3350 690 3413; x_wconf 90' lang='lat' dir='ltr'>servaturum</span> <span class='ocrx_word' id='word_1_214' title='bbox 718 3341 1105 3414; x_wconf 85' lang='lat' dir='ltr'>excommunicatione</span> <span class='ocrx_word' id='word_1_215' title='bbox 1133 3342 1275 3413; x_wconf 89' lang='lat' dir='ltr'>adiecta</span> <span class='ocrx_word' id='word_1_216' title='bbox 1300 3343 1334 3411; x_wconf 93' lang='lat' dir='ltr'>in</span> <span class='ocrx_word' id='word_1_217' title='bbox 1357 3365 1399 3412; x_wconf 91' lang='lat' dir='ltr'>se</span> <span class='ocrx_word' id='word_1_218' title='bbox 1420 3350 1457 3412; x_wconf 90' lang='lat' dir='ltr'>et</span> <span class='ocrx_word' id='word_1_219' title='bbox 1473 3351 1548 3410; x_wconf 89' lang='lat' dir='ltr'>ter-</span> 
     </span>
     <span class='ocr_line' id='line_1_30' title="bbox 453 3440 1548 3538; baseline -0.001 -26"><span class='ocrx_word' id='word_1_220' title='bbox 453 3465 532 3536; x_wconf 86' lang='lat' dir='ltr'>ram</span> <span class='ocrx_word' id='word_1_221' title='bbox 562 3466 690 3538; x_wconf 66' lang='lat' dir='ltr'>suam,</span> <span class='ocrx_word' id='word_1_222' title='bbox 722 3442 753 3515; x_wconf 91' lang='lat' dir='ltr'>si</span> <span class='ocrx_word' id='word_1_223' title='bbox 781 3443 853 3514; x_wconf 90' lang='lat' dir='ltr'>hoc</span> <span class='ocrx_word' id='word_1_224' title='bbox 880 3467 954 3514; x_wconf 92' lang='lat' dir='ltr'>non</span> <span class='ocrx_word' id='word_1_225' title='bbox 980 3443 1091 3514; x_wconf 85' lang='lat' dir='ltr'>fuerit</span> <span class='ocrx_word' id='word_1_226' title='bbox 1117 3447 1378 3531; x_wconf 65' lang='lat' dir='ltr'>observatum,</span> <span class='ocrx_word' id='word_1_227' title='bbox 1411 3451 1449 3512; x_wconf 88' lang='lat' dir='ltr'>et</span> <span class='ocrx_word' id='word_1_228' title='bbox 1475 3440 1548 3512; x_wconf 92' lang='lat' dir='ltr'>hoc</span> 
     </span>
     <span class='ocr_line' id='line_1_31' title="bbox 453 3540 1549 3641; baseline -0.003 -27"><span class='ocrx_word' id='word_1_229' title='bbox 453 3543 577 3641; x_wconf 93' lang='lat' dir='ltr'>ipsum</span> <span class='ocrx_word' id='word_1_230' title='bbox 588 3543 826 3638; x_wconf 70' lang='lat' dir='ltr'>raynardusr</span> <span class='ocrx_word' id='word_1_231' title='bbox 841 3543 961 3616; x_wconf 90' lang='lat' dir='ltr'>dictus</span> <span class='ocrx_word' id='word_1_232' title='bbox 978 3546 1049 3615; x_wconf 86' lang='lat' dir='ltr'>dux</span> <span class='ocrx_word' id='word_1_233' title='bbox 1065 3543 1206 3640; x_wconf 91' lang='lat' dir='ltr'>Spoleti</span> <span class='ocrx_word' id='word_1_234' title='bbox 1221 3542 1356 3613; x_wconf 89' lang='lat' dir='ltr'>iuravit</span> <span class='ocrx_word' id='word_1_235' title='bbox 1370 3542 1405 3612; x_wconf 94' lang='lat' dir='ltr'>in</span> <span class='ocrx_word' id='word_1_236' title='bbox 1422 3540 1549 3612; x_wconf 90' lang='lat' dir='ltr'>anima</span> 
     </span>
     <span class='ocr_line' id='line_1_32' title="bbox 347 3640 1549 3742; baseline -0.006 -23"><span class='ocrx_word' id='word_1_237' title='bbox 347 3662 534 3719; x_wconf 69' lang='lat' dir='ltr'>tutatsua.</span> <span class='ocrx_word' id='word_1_238' title='bbox 566 3645 698 3716; x_wconf 90' lang='lat' dir='ltr'>Actum</span> <span class='ocrx_word' id='word_1_239' title='bbox 728 3645 893 3742; x_wconf 85' lang='lat' dir='ltr'>predicto</span> <span class='ocrx_word' id='word_1_240' title='bbox 919 3668 1052 3716; x_wconf 88' lang='lat' dir='ltr'>mense</span> <span class='ocrx_word' id='word_1_241' title='bbox 1077 3643 1156 3716; x_wconf 94' lang='lat' dir='ltr'>lulii</span> <span class='ocrx_word' id='word_1_242' title='bbox 1182 3644 1218 3714; x_wconf 92' lang='lat' dir='ltr'>in</span> <span class='ocrx_word' id='word_1_243' title='bbox 1238 3643 1336 3715; x_wconf 86' lang='lat' dir='ltr'>lesto</span> <span class='ocrx_word' id='word_1_244' title='bbox 1356 3640 1474 3714; x_wconf 90' lang='lat' dir='ltr'>sancti</span> <span class='ocrx_word' id='word_1_245' title='bbox 1494 3641 1549 3713; x_wconf 90' lang='lat' dir='ltr'>la·</span> 
     </span>
     <span class='ocr_line' id='line_1_33' title="bbox 456 3743 1551 3843; baseline -0.005 -26"><span class='ocrx_word' id='word_1_246' title='bbox 456 3745 548 3818; x_wconf 90' lang='lat' dir='ltr'>cobi.</span> <span class='ocrx_word' id='word_1_247' title='bbox 587 3746 633 3818; x_wconf 85' lang='lat' dir='ltr'>Et</span> <span class='ocrx_word' id='word_1_248' title='bbox 649 3755 738 3816; x_wconf 91' lang='lat' dir='ltr'>tunc</span> <span class='ocrx_word' id='word_1_249' title='bbox 758 3769 825 3843; x_wconf 89' lang='lat' dir='ltr'>per</span> <span class='ocrx_word' id='word_1_250' title='bbox 844 3745 1053 3829; x_wconf 85' lang='lat' dir='ltr'>cardinales</span> <span class='ocrx_word' id='word_1_251' title='bbox 1072 3744 1176 3843; x_wconf 91' lang='lat' dir='ltr'>ipsos</span> <span class='ocrx_word' id='word_1_252' title='bbox 1197 3744 1271 3815; x_wconf 92' lang='lat' dir='ltr'>iam</span> <span class='ocrx_word' id='word_1_253' title='bbox 1291 3743 1410 3816; x_wconf 90' lang='lat' dir='ltr'>dictus</span> <span class='ocrx_word' id='word_1_254' title='bbox 1429 3743 1551 3839; x_wconf 91' lang='lat' dir='ltr'>impe-</span> 
     </span>
     <span class='ocr_line' id='line_1_34' title="bbox 455 3845 1552 3944; baseline -0.002 -28"><span class='ocrx_word' id='word_1_255' title='bbox 455 3856 557 3917; x_wconf 88' lang='lat' dir='ltr'>rator</span> <span class='ocrx_word' id='word_1_256' title='bbox 580 3870 601 3917; x_wconf 94' lang='lat' dir='ltr'>a</span> <span class='ocrx_word' id='word_1_257' title='bbox 627 3845 851 3940; x_wconf 74' lang='lat' dir='ltr'>iuramento,</span> <span class='ocrx_word' id='word_1_258' title='bbox 879 3847 976 3943; x_wconf 90' lang='lat' dir='ltr'>quod</span> <span class='ocrx_word' id='word_1_259' title='bbox 999 3849 1096 3944; x_wconf 91' lang='lat' dir='ltr'>apud</span> <span class='ocrx_word' id='word_1_260' title='bbox 1122 3845 1279 3918; x_wconf 88' lang='lat' dir='ltr'>Verulas</span> <span class='ocrx_word' id='word_1_261' title='bbox 1306 3845 1461 3938; x_wconf 75' lang='lat' dir='ltr'>fecerat⁷</span> <span class='ocrx_word' id='word_1_262' title='bbox 1488 3845 1552 3914; x_wconf 91' lang='lat' dir='ltr'>de·</span> 
     </span>
     <span class='ocr_line' id='line_1_35' title="bbox 455 3940 1551 4041; baseline -0.003 -24"><span class='ocrx_word' id='word_1_263' title='bbox 455 3940 646 4018; x_wconf 82' lang='lat' dir='ltr'>nuntiatts</span> <span class='ocrx_word' id='word_1_264' title='bbox 667 3957 725 4019; x_wconf 91' lang='lat' dir='ltr'>est</span> <span class='ocrx_word' id='word_1_265' title='bbox 743 3947 948 4020; x_wconf 90' lang='lat' dir='ltr'>absolutus.</span> <span class='ocrx_word' id='word_1_266' title='bbox 998 3949 1043 4020; x_wconf 84' lang='lat' dir='ltr'>Et</span> <span class='ocrx_word' id='word_1_267' title='bbox 1062 3971 1106 4020; x_wconf 86' lang='lat' dir='ltr'>eo</span> <span class='ocrx_word' id='word_1_268' title='bbox 1128 3945 1301 4019; x_wconf 89' lang='lat' dir='ltr'>celeriter</span> <span class='ocrx_word' id='word_1_269' title='bbox 1318 3946 1354 4016; x_wconf 92' lang='lat' dir='ltr'>in</span> <span class='ocrx_word' id='word_1_270' title='bbox 1373 3942 1551 4041; x_wconf 88' lang='lat' dir='ltr'>Apuliam</span> 
     </span>
     <span class='ocr_line' id='line_1_36' title="bbox 453 4047 1550 4146; baseline -0.002 -28"><span class='ocrx_word' id='word_1_271' title='bbox 453 4050 677 4144; x_wconf 76' lang='lat' dir='ltr'>recedente⁷</span> <span class='ocrx_word' id='word_1_272' title='bbox 714 4048 922 4121; x_wconf 90' lang='lat' dir='ltr'>cardinales</span> <span class='ocrx_word' id='word_1_273' title='bbox 955 4047 1027 4146; x_wconf 90' lang='lat' dir='ltr'>ipsi</span> <span class='ocrx_word' id='word_1_274' title='bbox 1059 4049 1176 4121; x_wconf 86' lang='lat' dir='ltr'>Reate</span> <span class='ocrx_word' id='word_1_275' title='bbox 1207 4071 1248 4122; x_wconf 89' lang='lat' dir='ltr'>se</span> <span class='ocrx_word' id='word_1_276' title='bbox 1282 4049 1326 4118; x_wconf 93' lang='lat' dir='ltr'>ad</span> <span class='ocrx_word' id='word_1_277' title='bbox 1356 4068 1550 4118; x_wconf 87' lang='lat' dir='ltr'>summurn</span> 
     </span>
     <span class='ocr_line' id='line_1_37' title="bbox 453 4147 937 4246; baseline 0.002 -26"><span class='ocrx_word' id='word_1_278' title='bbox 453 4147 669 4246; x_wconf 87' lang='lat' dir='ltr'>pontificem</span> <span class='ocrx_word' id='word_1_279' title='bbox 690 4149 937 4230; x_wconf 86' lang='lat' dir='ltr'>contulerunt.</span> 
     </span>
    </p>
   </div>
   <div class='ocr_carea' id='block_1_3' title="bbox 453 4270 974 4342">
    <p class='ocr_par' dir='ltr' id='par_1_5' title="bbox 453 4270 974 4342">
     <span class='ocr_line' id='line_1_38' title="bbox 453 4270 974 4342; baseline -0.004 -18"><span class='ocrx_word' id='word_1_280' title='bbox 453 4271 476 4340; x_wconf 83' lang='lat' dir='ltr'>a)</span> <span class='ocrx_word' id='word_1_281' title='bbox 497 4275 613 4327; x_wconf 81' lang='lat' dir='ltr'>recondo</span> <span class='ocrx_word' id='word_1_282' title='bbox 631 4287 711 4328; x_wconf 76' lang='lat' dir='ltr'>omna</span> <span class='ocrx_word' id='word_1_283' title='bbox 729 4288 752 4326; x_wconf 86' lang='lat' dir='ltr'>c.</span> <span class='ocrx_word' id='word_1_284' title='bbox 828 4270 855 4342; x_wconf 86' lang='lat' dir='ltr'>b)</span> <span class='ocrx_word' id='word_1_285' title='bbox 874 4270 932 4341; x_wconf 73' lang='lat' dir='ltr'>Ray</span> <span class='ocrx_word' id='word_1_286' title='bbox 952 4288 974 4324; x_wconf 88' lang='lat' dir='ltr'>c.</span> 
     </span>
    </p>
   </div>
   <div class='ocr_carea' id='block_1_4' title="bbox 0 0 1682 5022">
    <p class='ocr_par' dir='ltr' id='par_1_6' title="bbox 0 0 1682 5022">
     <span class='ocr_line' id='line_1_39' title="bbox 0 0 1682 5022; baseline 0 0"><span class='ocrx_word' id='word_1_287' title='bbox 0 0 1682 5022; x_wconf 95' lang='lat' dir='ltr'> </span> 
     </span>
    </p>
   </div>
  </div>
 </body>
</html>
