3326 5022
612 415 651 487 A.
684 417 790 491 1229.
1207 423 1253 495 73

159 615 239 690 dies
260 627 340 690 erat
359 616 515 711 sabbati,
535 615 680 712 papalis
701 616 888 689 exercitus
907 619 1151 714 pretermissa
1169 619 1255 694 civi·

158 729 235 789 tate
248 717 396 814 Aquini,
416 740 502 787 cum
523 715 698 812 predictis
719 716 881 790 exclusis
902 717 1099 790 comitibus
1113 729 1253 792 terram

159 819 271 888 intrat
285 817 413 890 Sancti
429 815 641 911 Benedicti5
661 816 721 914 qui
743 827 907 890 castrum
927 818 1167 890 Pedemontis
1187 843 1256 917 per

159 918 235 987 vim
257 918 462 1012 capientes,
481 917 568 988 licet
582 917 642 1013 qui
659 927 766 989 erant
779 917 816 988 in
833 941 890 1010 eo,
909 942 976 1016 pro
992 918 1131 992 viribus
1146 921 1253 992 resti-

158 1017 308 1110 tissent,
324 1019 568 1113 quadraginta
585 1019 795 1090 servientes
810 1021 854 1090 ad
871 1019 988 1116 ipsius
1004 1020 1116 1092 castri
1132 1031 1254 1092 custo-

159 1115 258 1187 diam
277 1120 511 1214 deputarunt.
549 1118 605 1190 Hii
621 1121 793 1216 sequenti
809 1118 994 1192 dominica
1010 1144 1144 1193 versus
1159 1120 1253 1195 San-

160 1227 260 1287 ctum
288 1217 518 1290 Germanum
551 1243 640 1292 suas
672 1217 774 1292 acies
806 1219 1032 1315 dirigenteS,
1069 1231 1254 1293 venerunt

107 1367 109 1372 -
159 1341 279 1413 usque
304 1318 365 1389 ubi
393 1318 524 1390 dicitur
548 1320 844 1390 Monumentum.
898 1320 942 1390 Et
973 1320 1107 1391 exinde
1134 1322 1252 1394 disce·

159 1420 306 1513 dentes,
335 1443 419 1490 cum
448 1419 572 1491 nulius
594 1423 639 1491 de
659 1419 842 1516 imperiali
862 1419 1027 1490 exercitu
1046 1423 1118 1491 hoc
1137 1420 1254 1516 magi-

159 1529 236 1588 stro
255 1519 450 1590 iustitiario
469 1519 704 1616 probibente,
733 1523 977 1615 egrederetur
997 1523 1042 1592 ad
1063 1520 1159 1616 ibas,
1186 1544 1255 1616 per

160 1619 477 1712 Plumbareoiam,
506 1645 578 1716 que
608 1631 730 1691 metus
759 1643 871 1692 causa
900 1620 1022 1692 fuerat
1049 1624 1094 1694 ab
1119 1620 1251 1692 incolis

158 1717 348 1814 derelicta,
376 1719 445 1790 iter
473 1721 674 1814 babentes,
703 1730 740 1791 et
765 1744 834 1816 per
851 1730 1017 1792 castrum
1038 1721 1252 1817 Pignatarii,

157 1822 253 1914 quod
289 1821 479 1891 desertum
515 1821 685 1892 similiter
721 1821 860 1916 fuerat,
901 1845 1034 1894 versus
1071 1821 1251 1894 Sanctum

157 1920 342 2016 Angelum
362 1920 539 1991 'i'heodici
559 1921 720 2016 dirigunt
748 1946 906 2016 gressus
926 1947 1036 2006 suos.
1079 1922 1146 1995 Set
1165 1947 1250 1995 cum

157 2021 247 2090 nibil
273 2019 499 2117 proficerent
522 2021 605 2116 quia
630 2026 726 2093 bene
755 2023 938 2094 munitum
965 2033 1046 2094 erat
1072 2034 1250 2119 castrum,

157 2129 195 2191 et
218 2119 305 2192 illuc
331 2121 547 2217 Roggerius'
570 2124 616 2192 de
639 2121 806 2192 Gallucio
828 2146 911 2192 cum
933 2123 1250 2196 deservientibus

156 2220 284 2293 missis
304 2245 325 2291 a
345 2221 526 2315 magistro
546 2220 741 2296 iustitiario
770 2232 940 2315 venerat,
967 2223 1100 2295 abinde
1125 2247 1250 2296 reces-

157 2331 288 2393 serunt
313 2331 349 2391 et
375 2343 510 2392 versus
530 2331 695 2392 castrum
715 2321 942 2392 Teramum³
967 2322 1123 2418 profecti
1143 2333 1249 2418 sunt,

157 2421 255 2518 quod
290 2421 325 2491 vi
361 2420 572 2518 capientes,
616 2444 829 2518 quanquam
864 2420 984 2518 ipsius
1018 2423 1248 2496 habitatores

156 2523 298 2618 optime
317 2544 360 2593 se
384 2545 452 2618 pro
476 2521 550 2593 fide
578 2522 720 2594 cesaris
749 2523 1019 2618 defendissent,
1047 2527 1142 2597 bona
1167 2523 1249 2596 diri·

156 2623 304 2719 pientes
333 2645 483 2718 eorum,
518 2622 605 2693 illud
634 2622 805 2693 incendio
833 2623 1082 2718 tradiderunt,
1119 2625 1248 2720 sicque

156 2722 300 2793 onerati
327 2721 456 2818 spoliis
481 2723 518 2793 in
538 2721 783 2819 Campaniam
810 2732 898 2794 sunt
916 2723 1069 2795 reversi.
1106 2723 1248 2810 Quibus

157 2822 438 2919 recedentibus,
475 2824 657 2920 magister
691 2821 909 2895 iustitiarius
946 2845 1031 2894 cum
1066 2822 1250 2921 imperiali

156 2923 319 3003 exercitu
342 2923 472 2997 exiens
492 2926 537 2996 de
554 2925 692 2998 Sancto
713 2923 916 3017 Germano,
936 2947 1114 2994 unacum
1134 2923 1250 2996 domi·
1275 2979 1276 2984 η

155 3024 213 3097 nis
225 3025 358 3120 Aquini
369 3049 485 3123 super
498 3035 663 3098 castrum
675 3024 914 3096 Pedemontis
932 3023 1042 3118 vadit,
1057 3024 1143 3097 illud
1160 3028 1248 3097 dare

155 3125 394 3198 destructioni
410 3125 628 3222 disponenS,
646 3124 717 3197 nisi
732 3125 875 3198 abbatis
892 3135 929 3198 et
944 3135 1151 3197 conventus
1165 3149 1249 3222 pre-

156 3225 259 3298 cibus
287 3226 507 3321 destitisset,
535 3226 663 3324 sicque
689 3225 725 3296 in
747 3251 813 3297 sua
834 3225 978 3298 reversi
998 3236 1096 3298 sunt.
1145 3226 1249 3298 Tunc

156 3329 202 3398 ad
220 3327 345 3422 ipsum
365 3327 601 3399 iustitiarium
621 3326 720 3396 vires
739 3325 903 3395 fidetium
923 3323 1065 3396 cesaris
1086 3324 1248 3421 undique

157 3423 405 3521 confluentes,
433 3449 517 3497 curn
546 3425 601 3496 cis
627 3422 806 3496 resistere
832 3424 1002 3496 hostibus
1023 3429 1250 3520 separabat.

157 3527 288 3595 Mense
303 3525 416 3621 igitur
428 3523 562 3620 Martii,
584 3529 639 3597 17.
656 3523 799 3596 mensis
815 3523 983 3596 eiusdem
999 3523 1060 3620 qui
1075 3523 1155 3596 dies
1171 3534 1253 3596 erat

156 3624 327 3718 Veneris,
346 3624 495 3697 rediens
515 3625 658 3722 papalis
679 3623 867 3698 exercitus
887 3626 931 3695 ad
952 3633 1118 3695 castrum
1138 3623 1251 3697 Pede·

157 3723 308 3821 montis,
323 3725 495 3820 sequenti
506 3725 564 3796 die
580 3726 723 3798 sabbati
740 3749 781 3798 se
796 3725 834 3796 in
849 3727 941 3797 duas
954 3723 1122 3797 dividens
1135 3724 1251 3821 acies,

156 3849 226 3925 per
243 3834 392 3898 montes
413 3835 450 3897 et
467 3825 579 3922 plana
596 3824 734 3898 milites
755 3835 792 3897 et
808 3825 953 3922 pedites
967 3825 1039 3898 iter
1053 3825 1251 3922 habentes,

156 3951 288 4000 eorum
304 3924 453 4023 quidam
469 3949 604 3998 versus
619 3927 889 3998 monasterium
906 3936 944 3998 et
957 3923 1106 4023 quidam
1119 3949 1250 3999 versus

155 4028 335 4101 Sanctum
355 4026 586 4099 Germanum
605 4025 769 4122 dirigunt
786 4049 943 4122 gressus
963 4039 1065 4100 suos
1107 4026 1250 4114 Quibus

156 4151 241 4200 com
266 4128 366 4202 idem
385 4127 568 4224 magister
585 4125 816 4222 iustitiarius,
844 4127 950 4200 cuius
969 4129 1155 4200 ducebant
1173 4127 1250 4200 ani·

156 4249 179 4319 a)
199 4249 296 4304 raas
317 4267 340 4304 ο.

972 4326 994 4398 6
