<?xml version="1.0" encoding="UTF-8"?>
<!DOCTYPE html PUBLIC "-//W3C//DTD XHTML 1.0 Transitional//EN"
    "http://www.w3.org/TR/xhtml1/DTD/xhtml1-transitional.dtd">
<html xmlns="http://www.w3.org/1999/xhtml" xml:lang="en" lang="en">
 <head>
  <title>
</title>
<meta http-equiv="Content-Type" content="text/html;charset=utf-8" />
  <meta name='ocr-system' content='tesseract 3.04.00' />
  <meta name='ocr-capabilities' content='ocr_page ocr_carea ocr_par ocr_line ocrx_word'/>
</head>
<body>
  <div class='ocr_page' id='page_1' title='image "./ryccardidesanct00ricagoog_0052.png"; bbox 0 0 3326 5022; ppageno 0'>
   <div class='ocr_carea' id='block_1_1' title="bbox 436 395 1331 474">
    <p class='ocr_par' dir='ltr' id='par_1_1' title="bbox 436 395 1331 474">
     <span class='ocr_line' id='line_1_1' title="bbox 436 395 1331 474; baseline 0.006 -6"><span class='ocrx_word' id='word_1_1' title='bbox 436 397 484 468; x_wconf 79' lang='grc'><strong><em>34</em></strong></span> <span class='ocrx_word' id='word_1_2' title='bbox 638 395 921 470; x_wconf 86' lang='lat' dir='ltr'><strong>RYCCARDUS</strong></span> <span class='ocrx_word' id='word_1_3' title='bbox 947 397 1009 471; x_wconf 83' lang='lat' dir='ltr'><strong><em>DE</em></strong></span> <span class='ocrx_word' id='word_1_4' title='bbox 1037 397 1073 472; x_wconf 88' lang='lat' dir='ltr'><strong><em>S.</em></strong></span> <span class='ocrx_word' id='word_1_5' title='bbox 1101 399 1331 474; x_wconf 85' lang='lat' dir='ltr'><strong>GERMANO</strong></span> 
     </span>
    </p>
   </div>
   <div class='ocr_carea' id='block_1_2' title="bbox 432 601 1538 1402">
    <p class='ocr_par' dir='ltr' id='par_1_2' title="bbox 432 601 1538 1402">
     <span class='ocr_line' id='line_1_2' title="bbox 437 601 1538 696; baseline -0.005 -18"><span class='ocrx_word' id='word_1_6' title='bbox 437 607 580 678; x_wconf 86' lang='lat' dir='ltr'><strong><em>oiscitur</em></strong></span> <span class='ocrx_word' id='word_1_7' title='bbox 598 605 767 674; x_wconf 88' lang='lat' dir='ltr'><strong><em>misereri.</em></strong></span> <span class='ocrx_word' id='word_1_8' title='bbox 824 601 922 674; x_wconf 83' lang='lat' dir='ltr'><strong><em>Unde</em></strong></span> <span class='ocrx_word' id='word_1_9' title='bbox 949 601 1044 672; x_wconf 89' lang='lat' dir='ltr'><strong><em>illum</em></strong></span> <span class='ocrx_word' id='word_1_10' title='bbox 1069 603 1204 673; x_wconf 87' lang='lat' dir='ltr'><strong><em>imitari</em></strong></span> <span class='ocrx_word' id='word_1_11' title='bbox 1230 601 1382 674; x_wconf 85' lang='lat' dir='ltr'><strong><em>uolentes</em></strong></span> <span class='ocrx_word' id='word_1_12' title='bbox 1403 605 1462 696; x_wconf 78' lang='lat' dir='ltr'><strong><em>qui</em></strong></span> <span class='ocrx_word' id='word_1_13' title='bbox 1489 603 1538 672; x_wconf 88' lang='lat' dir='ltr'><strong><em>de</em></strong></span> 
     </span>
     <span class='ocr_line' id='line_1_3' title="bbox 435 702 1538 798; baseline -0.003 -21"><span class='ocrx_word' id='word_1_14' title='bbox 435 731 473 778; x_wconf 89' lang='lat' dir='ltr'><strong><em>se</em></strong></span> <span class='ocrx_word' id='word_1_15' title='bbox 498 707 575 798; x_wconf 86' lang='lat' dir='ltr'><strong><em>ipso</em></strong></span> <span class='ocrx_word' id='word_1_16' title='bbox 602 705 672 775; x_wconf 86' lang='lat' dir='ltr'><strong><em>ait:</em></strong></span> <span class='ocrx_word' id='word_1_17' title='bbox 699 703 856 795; x_wconf 79' lang='lat' dir='ltr'><strong><em>„Discite</em></strong></span> <span class='ocrx_word' id='word_1_18' title='bbox 882 727 906 772; x_wconf 87' lang='lat' dir='ltr'><strong><em>a</em></strong></span> <span class='ocrx_word' id='word_1_19' title='bbox 931 727 997 793; x_wconf 87' lang='lat' dir='ltr'><strong><em>me,</em></strong></span> <span class='ocrx_word' id='word_1_20' title='bbox 1024 703 1108 795; x_wconf 86' lang='lat' dir='ltr'><strong><em>quia</em></strong></span> <span class='ocrx_word' id='word_1_21' title='bbox 1135 703 1227 773; x_wconf 88' lang='lat' dir='ltr'><strong><em>mitis</em></strong></span> <span class='ocrx_word' id='word_1_22' title='bbox 1244 725 1322 773; x_wconf 85' lang='lat' dir='ltr'><strong><em>sura</em></strong></span> <span class='ocrx_word' id='word_1_23' title='bbox 1342 709 1375 773; x_wconf 89' lang='lat' dir='ltr'><strong><em>et</em></strong></span> <span class='ocrx_word' id='word_1_24' title='bbox 1392 702 1538 774; x_wconf 79' lang='lat' dir='ltr'><strong><em>humilis</em></strong></span> 
     </span>
     <span class='ocr_line' id='line_1_4' title="bbox 434 801 1536 898; baseline -0.005 -20"><span class='ocrx_word' id='word_1_25' title='bbox 434 805 579 898; x_wconf 87' lang='lat' dir='ltr'><strong><em>oorde“,</em></strong></span> <span class='ocrx_word' id='word_1_26' title='bbox 595 803 874 898; x_wconf 82' lang='lat' dir='ltr'><strong><em>mopnitudinem</em></strong></span> <span class='ocrx_word' id='word_1_27' title='bbox 890 809 989 873; x_wconf 90' lang='lat' dir='ltr'><strong><em>tuam</em></strong></span> <span class='ocrx_word' id='word_1_28' title='bbox 999 801 1176 872; x_wconf 80' lang='lat' dir='ltr'><strong><em>humiliter</em></strong></span> <span class='ocrx_word' id='word_1_29' title='bbox 1185 803 1427 894; x_wconf 80' lang='lat' dir='ltr'><strong><em>obsecramus,</em></strong></span> <span class='ocrx_word' id='word_1_30' title='bbox 1442 827 1536 898; x_wconf 85' lang='lat' dir='ltr'><strong><em>qna-</em></strong></span> 
     </span>
     <span class='ocr_line' id='line_1_5' title="bbox 436 901 1536 998; baseline -0.003 -21"><span class='ocrx_word' id='word_1_31' title='bbox 436 914 537 978; x_wconf 91' lang='lat' dir='ltr'><strong><em>tenus</em></strong></span> <span class='ocrx_word' id='word_1_32' title='bbox 564 929 606 976; x_wconf 88' lang='lat' dir='ltr'><strong><em>ne</em></strong></span> <span class='ocrx_word' id='word_1_33' title='bbox 628 910 779 998; x_wconf 90' lang='lat' dir='ltr'><strong><em>propter</em></strong></span> <span class='ocrx_word' id='word_1_34' title='bbox 806 903 994 973; x_wconf 87' lang='lat' dir='ltr'><strong><em>violentam</em></strong></span> <span class='ocrx_word' id='word_1_35' title='bbox 1015 901 1245 974; x_wconf 80' lang='lat' dir='ltr'><strong><em>detentionem</em></strong></span> <span class='ocrx_word' id='word_1_36' title='bbox 1269 907 1410 996; x_wconf 80' lang='lat' dir='ltr'><strong><em>prefate</em></strong></span> <span class='ocrx_word' id='word_1_37' title='bbox 1438 910 1536 974; x_wconf 86' lang='lat' dir='ltr'><strong><em>terre</em></strong></span> 
     </span>
     <span class='ocr_line' id='line_1_6' title="bbox 432 1001 1534 1097; baseline -0.004 -20"><span class='ocrx_word' id='word_1_38' title='bbox 432 1007 513 1096; x_wconf 88' lang='lat' dir='ltr'><strong><em>plus</em></strong></span> <span class='ocrx_word' id='word_1_39' title='bbox 541 1005 659 1078; x_wconf 80' lang='lat' dir='ltr'><strong><em>adhuc</em></strong></span> <span class='ocrx_word' id='word_1_40' title='bbox 685 1003 893 1090; x_wconf 83' lang='lat' dir='ltr'><strong><em>effundatur</em></strong></span> <span class='ocrx_word' id='word_1_41' title='bbox 919 1001 1068 1074; x_wconf 77' lang='lat' dir='ltr'><strong><em>humani</em></strong></span> <span class='ocrx_word' id='word_1_42' title='bbox 1093 1005 1280 1096; x_wconf 85' lang='lat' dir='ltr'><strong><em>sanpuinis</em></strong></span> <span class='ocrx_word' id='word_1_43' title='bbox 1308 1027 1415 1097; x_wconf 83' lang='lat' dir='ltr'><strong><em>quom</em></strong></span> <span class='ocrx_word' id='word_1_44' title='bbox 1444 1003 1534 1074; x_wconf 76' lang='lat' dir='ltr'><strong><em>liac-</em></strong></span> 
     </span>
     <span class='ocr_line' id='line_1_7' title="bbox 434 1103 1533 1195; baseline -0.002 -17"><span class='ocrx_word' id='word_1_45' title='bbox 434 1113 536 1178; x_wconf 87' lang='lat' dir='ltr'><strong><em>tenus</em></strong></span> <span class='ocrx_word' id='word_1_46' title='bbox 561 1112 612 1177; x_wconf 85' lang='lat' dir='ltr'><strong><em>est</em></strong></span> <span class='ocrx_word' id='word_1_47' title='bbox 637 1106 789 1192; x_wconf 76' lang='lat' dir='ltr'><strong><em>effusus,</em></strong></span> <span class='ocrx_word' id='word_1_48' title='bbox 823 1105 992 1174; x_wconf 86' lang='lat' dir='ltr'><strong><em>restituas</em></strong></span> <span class='ocrx_word' id='word_1_49' title='bbox 1017 1127 1096 1174; x_wconf 89' lang='lat' dir='ltr'><strong><em>eam</em></strong></span> <span class='ocrx_word' id='word_1_50' title='bbox 1122 1103 1241 1195; x_wconf 82' lang='lat' dir='ltr'><strong><em>nobis,</em></strong></span> <span class='ocrx_word' id='word_1_51' title='bbox 1270 1127 1355 1176; x_wconf 89' lang='lat' dir='ltr'><strong><em>usus</em></strong></span> <span class='ocrx_word' id='word_1_52' title='bbox 1382 1104 1533 1176; x_wconf 86' lang='lat' dir='ltr'><strong><em>consilio</em></strong></span> 
     </span>
     <span class='ocr_line' id='line_1_8' title="bbox 433 1203 1533 1300; baseline -0.002 -22"><span class='ocrx_word' id='word_1_53' title='bbox 433 1209 582 1298; x_wconf 85' lang='lat' dir='ltr'><strong><em>saniori,</em></strong></span> <span class='ocrx_word' id='word_1_54' title='bbox 611 1205 653 1277; x_wconf 90' lang='lat' dir='ltr'><strong><em>de</em></strong></span> <span class='ocrx_word' id='word_1_55' title='bbox 679 1228 750 1300; x_wconf 79' lang='lat' dir='ltr'><strong><em>pua</em></strong></span> <span class='ocrx_word' id='word_1_56' title='bbox 777 1207 871 1289; x_wconf 78' lang='lat' dir='ltr'><strong><em>t&#39;orte</em></strong></span> <span class='ocrx_word' id='word_1_57' title='bbox 896 1203 1091 1274; x_wconf 75' lang='lat' dir='ltr'><strong><em>detentione</em></strong></span> <span class='ocrx_word' id='word_1_58' title='bbox 1113 1203 1195 1297; x_wconf 92' lang='lat' dir='ltr'><strong><em>plus</em></strong></span> <span class='ocrx_word' id='word_1_59' title='bbox 1221 1204 1282 1274; x_wconf 81' lang='lat' dir='ltr'><strong><em>tibi</em></strong></span> <span class='ocrx_word' id='word_1_60' title='bbox 1308 1203 1533 1290; x_wconf 76' lang='lat' dir='ltr'><strong><em>difficultatis</em></strong></span> 
     </span>
     <span class='ocr_line' id='line_1_9' title="bbox 433 1303 1530 1402; baseline -0.002 -24"><span class='ocrx_word' id='word_1_61' title='bbox 433 1331 540 1402; x_wconf 78' lang='lat' dir='ltr'><strong><em>quam</em></strong></span> <span class='ocrx_word' id='word_1_62' title='bbox 561 1305 722 1377; x_wconf 84' lang='lat' dir='ltr'><strong><em>utilitatis</em></strong></span> <span class='ocrx_word' id='word_1_63' title='bbox 749 1307 932 1397; x_wconf 88' lang='lat' dir='ltr'><strong><em>accrescit,</em></strong></span> <span class='ocrx_word' id='word_1_64' title='bbox 960 1309 994 1374; x_wconf 89' lang='lat' dir='ltr'><strong><em>et</em></strong></span> <span class='ocrx_word' id='word_1_65' title='bbox 1012 1303 1166 1375; x_wconf 78' lang='lat' dir='ltr'><strong><em>dimissis</em></strong></span> <span class='ocrx_word' id='word_1_66' title='bbox 1184 1307 1359 1399; x_wconf 82' lang='lat' dir='ltr'><strong><em>utrimque</em></strong></span> <span class='ocrx_word' id='word_1_67' title='bbox 1378 1307 1530 1398; x_wconf 83' lang='lat' dir='ltr'><strong><em>captivis</em></strong></span> 
     </span>
    </p>
   </div>
   <div class='ocr_carea' id='block_1_3' title="bbox 434 1403 1652 1502">
    <p class='ocr_par' dir='ltr' id='par_1_3' title="bbox 434 1403 1652 1502">
     <span class='ocr_line' id='line_1_10' title="bbox 434 1403 1652 1502; baseline -0.003 -23"><span class='ocrx_word' id='word_1_68' title='bbox 434 1411 659 1502; x_wconf 84' lang='lat' dir='ltr'><strong><em>quiescamus</em></strong></span> <span class='ocrx_word' id='word_1_69' title='bbox 679 1431 702 1476; x_wconf 92' lang='lat' dir='ltr'><strong><em>a</em></strong></span> <span class='ocrx_word' id='word_1_70' title='bbox 722 1408 852 1477; x_wconf 88' lang='lat' dir='ltr'><strong><em>mutuis</em></strong></span> <span class='ocrx_word' id='word_1_71' title='bbox 866 1407 1174 1498; x_wconf 81' lang='lat' dir='ltr'><strong><em>impupnationum</em></strong></span> <span class='ocrx_word' id='word_1_72' title='bbox 1189 1406 1346 1495; x_wconf 79' lang='lat' dir='ltr'><strong><em>offensis,</em></strong></span> <span class='ocrx_word' id='word_1_73' title='bbox 1366 1407 1417 1476; x_wconf 88' lang='lat' dir='ltr'><strong><em>ita</em></strong></span> <span class='ocrx_word' id='word_1_74' title='bbox 1432 1407 1532 1500; x_wconf 83' lang='lat' dir='ltr'><strong><em>quod</em></strong></span> <span class='ocrx_word' id='word_1_75' title='bbox 1651 1403 1652 1496; x_wconf 59' lang='grc' dir='ltr'>ζ</span> 
     </span>
    </p>
   </div>
   <div class='ocr_carea' id='block_1_4' title="bbox 433 1504 1527 1602">
    <p class='ocr_par' dir='ltr' id='par_1_4' title="bbox 433 1504 1527 1602">
     <span class='ocr_line' id='line_1_11' title="bbox 433 1504 1527 1602; baseline -0.003 -24"><span class='ocrx_word' id='word_1_76' title='bbox 433 1515 522 1602; x_wconf 88' lang='lat' dir='ltr'><strong><em>aput</em></strong></span> <span class='ocrx_word' id='word_1_77' title='bbox 546 1515 578 1578; x_wconf 91' lang='lat' dir='ltr'><strong><em>te</em></strong></span> <span class='ocrx_word' id='word_1_78' title='bbox 605 1529 676 1578; x_wconf 92' lang='lat' dir='ltr'><strong><em>non</em></strong></span> <span class='ocrx_word' id='word_1_79' title='bbox 703 1508 750 1577; x_wconf 83' lang='lat' dir='ltr'><strong><em>sit</em></strong></span> <span class='ocrx_word' id='word_1_80' title='bbox 775 1506 930 1578; x_wconf 86' lang='lat' dir='ltr'><strong><em>deterior</em></strong></span> <span class='ocrx_word' id='word_1_81' title='bbox 948 1504 1110 1576; x_wconf 86' lang='lat' dir='ltr'><strong><em>condicio</em></strong></span> <span class='ocrx_word' id='word_1_82' title='bbox 1128 1508 1242 1599; x_wconf 75' lang='lat' dir='ltr'><strong><em>pontis</em></strong></span> <span class='ocrx_word' id='word_1_83' title='bbox 1260 1513 1391 1598; x_wconf 88' lang='lat' dir='ltr'><strong><em>nostre,</em></strong></span> <span class='ocrx_word' id='word_1_84' title='bbox 1419 1529 1527 1600; x_wconf 82' lang='lat' dir='ltr'><strong><em>quam</em></strong></span> 
     </span>
    </p>
   </div>
   <div class='ocr_carea' id='block_1_5' title="bbox 433 1606 1652 1702">
    <p class='ocr_par' dir='ltr' id='par_1_5' title="bbox 433 1606 1652 1702">
     <span class='ocr_line' id='line_1_12' title="bbox 433 1606 1652 1702; baseline -0.002 -24"><span class='ocrx_word' id='word_1_85' title='bbox 433 1615 521 1702; x_wconf 88' lang='lat' dir='ltr'><strong><em>aput</em></strong></span> <span class='ocrx_word' id='word_1_86' title='bbox 539 1632 606 1678; x_wconf 91' lang='lat' dir='ltr'><strong><em>nos</em></strong></span> <span class='ocrx_word' id='word_1_87' title='bbox 624 1613 677 1678; x_wconf 88' lang='lat' dir='ltr'><strong><em>est</em></strong></span> <span class='ocrx_word' id='word_1_88' title='bbox 699 1607 860 1678; x_wconf 87' lang='lat' dir='ltr'><strong><em>condicio</em></strong></span> <span class='ocrx_word' id='word_1_89' title='bbox 885 1608 997 1698; x_wconf 80' lang='lat' dir='ltr'><strong><em>pentis</em></strong></span> <span class='ocrx_word' id='word_1_90' title='bbox 1020 1611 1086 1676; x_wconf 86' lang='lat' dir='ltr'><strong><em>tue.</em></strong></span> <span class='ocrx_word' id='word_1_91' title='bbox 1135 1606 1287 1677; x_wconf 86' lang='lat' dir='ltr'><strong><em>Latores</em></strong></span> <span class='ocrx_word' id='word_1_92' title='bbox 1311 1609 1526 1698; x_wconf 87' lang='lat' dir='ltr'><strong><em>presentium</em></strong></span> <span class='ocrx_word' id='word_1_93' title='bbox 1651 1635 1652 1648; x_wconf 50' lang='lat'>¹</span> 
     </span>
    </p>
   </div>
   <div class='ocr_carea' id='block_1_6' title="bbox 429 1707 1527 2307">
    <p class='ocr_par' dir='ltr' id='par_1_6' title="bbox 431 1707 1527 2113">
     <span class='ocr_line' id='line_1_13' title="bbox 433 1707 1526 1803; baseline -0.002 -24"><span class='ocrx_word' id='word_1_94' title='bbox 433 1709 484 1782; x_wconf 90' lang='lat' dir='ltr'><strong><em>ad</em></strong></span> <span class='ocrx_word' id='word_1_95' title='bbox 508 1714 608 1779; x_wconf 90' lang='lat' dir='ltr'><strong><em>tuam</em></strong></span> <span class='ocrx_word' id='word_1_96' title='bbox 633 1708 847 1798; x_wconf 82' lang='lat' dir='ltr'><strong><em>presentiam</em></strong></span> <span class='ocrx_word' id='word_1_97' title='bbox 873 1707 1069 1778; x_wconf 85' lang='lat' dir='ltr'><strong><em>destinatos</em></strong></span> <span class='ocrx_word' id='word_1_98' title='bbox 1102 1729 1274 1803; x_wconf 80' lang='lat' dir='ltr'><strong><em>reparans</em></strong></span> <span class='ocrx_word' id='word_1_99' title='bbox 1299 1708 1445 1800; x_wconf 74' lang='lat' dir='ltr'><strong><em>lienique</em></strong></span> <span class='ocrx_word' id='word_1_100' title='bbox 1471 1731 1526 1777; x_wconf 88' lang='lat' dir='ltr'><strong><em>re·</em></strong></span> 
     </span>
     <span class='ocr_line' id='line_1_14' title="bbox 431 1807 1524 1901; baseline -0.003 -21"><span class='ocrx_word' id='word_1_101' title='bbox 431 1811 564 1901; x_wconf 86' lang='lat' dir='ltr'><strong><em>cipias,</em></strong></span> <span class='ocrx_word' id='word_1_102' title='bbox 601 1808 746 1901; x_wconf 83' lang='lat' dir='ltr'><strong><em>dipnnm</em></strong></span> <span class='ocrx_word' id='word_1_103' title='bbox 776 1809 825 1878; x_wconf 90' lang='lat' dir='ltr'><strong><em>eis</em></strong></span> <span class='ocrx_word' id='word_1_104' title='bbox 853 1829 1061 1898; x_wconf 89' lang='lat' dir='ltr'><strong><em>responsum</em></strong></span> <span class='ocrx_word' id='word_1_105' title='bbox 1093 1807 1250 1879; x_wconf 80' lang='lat' dir='ltr'><strong><em>tribuens</em></strong></span> <span class='ocrx_word' id='word_1_106' title='bbox 1280 1831 1359 1878; x_wconf 82' lang='lat' dir='ltr'><strong><em>cunr</em></strong></span> <span class='ocrx_word' id='word_1_107' title='bbox 1388 1809 1524 1892; x_wconf 82' lang='lat' dir='ltr'><strong><em>effectu.</em></strong></span> 
     </span>
     <span class='ocr_line' id='line_1_15' title="bbox 432 1905 1527 2001; baseline -0.003 -20"><span class='ocrx_word' id='word_1_108' title='bbox 432 1909 566 1981; x_wconf 88' lang='lat' dir='ltr'><strong><em>Datum</em></strong></span> <span class='ocrx_word' id='word_1_109' title='bbox 587 1909 760 1980; x_wconf 83' lang='lat' dir='ltr'><strong><em>Laterani</em></strong></span> <span class='ocrx_word' id='word_1_110' title='bbox 779 1911 812 1982; x_wconf 88' lang='lat'><strong><em>6.</em></strong></span> <span class='ocrx_word' id='word_1_111' title='bbox 830 1906 1016 1978; x_wconf 84' lang='lat' dir='ltr'><strong><em>Kalendas</em></strong></span> <span class='ocrx_word' id='word_1_112' title='bbox 1034 1905 1133 2000; x_wconf 88' lang='lat' dir='ltr'><strong><em>Maii,</em></strong></span> <span class='ocrx_word' id='word_1_113' title='bbox 1158 1909 1388 2001; x_wconf 79' lang='lat' dir='ltr'><strong><em>pontificatus</em></strong></span> <span class='ocrx_word' id='word_1_114' title='bbox 1412 1912 1527 1978; x_wconf 86' lang='lat' dir='ltr'><strong><em>nostri</em></strong></span> 
     </span>
     <span class='ocr_line' id='line_1_16' title="bbox 432 2010 1478 2113; baseline -0.004 -31"><span class='ocrx_word' id='word_1_115' title='bbox 432 2033 528 2082; x_wconf 89' lang='lat' dir='ltr'><strong><em>anno</em></strong></span> <span class='ocrx_word' id='word_1_116' title='bbox 550 2010 606 2082; x_wconf 90' lang='grc'><strong><em>16.</em></strong></span> <span class='ocrx_word' id='word_1_117' title='bbox 1463 2079 1478 2113; x_wconf 38' lang='grc' dir='ltr'><strong><em>ι</em></strong></span> 
     </span>
    </p>

    <p class='ocr_par' dir='ltr' id='par_1_7' title="bbox 429 2107 1523 2307">
     <span class='ocr_line' id='line_1_17' title="bbox 478 2107 1522 2205; baseline -0.001 -24"><span class='ocrx_word' id='word_1_118' title='bbox 478 2163 479 2166; x_wconf 63' lang='lat'><strong><em>,</em></strong></span> <span class='ocrx_word' id='word_1_119' title='bbox 505 2110 599 2181; x_wconf 89' lang='lat' dir='ltr'><strong><em>ltem</em></strong></span> <span class='ocrx_word' id='word_1_120' title='bbox 617 2108 714 2180; x_wconf 91' lang='lat' dir='ltr'><strong><em>scire</em></strong></span> <span class='ocrx_word' id='word_1_121' title='bbox 733 2107 865 2180; x_wconf 89' lang='lat' dir='ltr'><strong><em>valens</em></strong></span> <span class='ocrx_word' id='word_1_122' title='bbox 885 2107 1076 2205; x_wconf 78' lang='lat' dir='ltr'><strong><em>ipsepapa</em></strong></span> <span class='ocrx_word' id='word_1_123' title='bbox 1093 2119 1213 2180; x_wconf 85' lang='lat' dir='ltr'><strong><em>terras</em></strong></span> <span class='ocrx_word' id='word_1_124' title='bbox 1231 2131 1356 2180; x_wconf 88' lang='lat' dir='ltr'><strong><em>mores</em></strong></span> <span class='ocrx_word' id='word_1_125' title='bbox 1373 2119 1411 2178; x_wconf 86' lang='lat' dir='ltr'><strong><em>et</em></strong></span> <span class='ocrx_word' id='word_1_126' title='bbox 1423 2109 1522 2180; x_wconf 87' lang='lat' dir='ltr'><strong><em>vires</em></strong></span> 
     </span>
     <span class='ocr_line' id='line_1_18' title="bbox 429 2208 1523 2307; baseline -0.002 -25"><span class='ocrx_word' id='word_1_127' title='bbox 429 2213 704 2307; x_wconf 72' lang='lat' dir='ltr'><strong><em>Agerenorum,</em></strong></span> <span class='ocrx_word' id='word_1_128' title='bbox 732 2219 861 2280; x_wconf 84' lang='lat' dir='ltr'><strong><em>contra</em></strong></span> <span class='ocrx_word' id='word_1_129' title='bbox 889 2232 983 2305; x_wconf 90' lang='lat' dir='ltr'><strong><em>quos</em></strong></span> <span class='ocrx_word' id='word_1_130' title='bbox 1010 2212 1055 2280; x_wconf 89' lang='lat' dir='ltr'><strong><em>de</em></strong></span> <span class='ocrx_word' id='word_1_131' title='bbox 1081 2208 1199 2306; x_wconf 91' lang='lat' dir='ltr'><strong><em>ipsius</em></strong></span> <span class='ocrx_word' id='word_1_132' title='bbox 1228 2211 1402 2280; x_wconf 85' lang='lat' dir='ltr'><strong><em>rnandato</em></strong></span> <span class='ocrx_word' id='word_1_133' title='bbox 1429 2209 1523 2280; x_wconf 88' lang='lat' dir='ltr'><strong><em>chri-</em></strong></span> 
     </span>
    </p>
   </div>
   <div class='ocr_carea' id='block_1_7' title="bbox 431 2310 1652 2412">
    <p class='ocr_par' dir='ltr' id='par_1_8' title="bbox 431 2310 1652 2412">
     <span class='ocr_line' id='line_1_19' title="bbox 431 2310 1652 2412; baseline -0.002 -27"><span class='ocrx_word' id='word_1_134' title='bbox 431 2312 638 2385; x_wconf 82' lang='lat' dir='ltr'><strong><em>stianorum</em></strong></span> <span class='ocrx_word' id='word_1_135' title='bbox 665 2310 852 2382; x_wconf 87' lang='lat' dir='ltr'><strong><em>exercitus</em></strong></span> <span class='ocrx_word' id='word_1_136' title='bbox 878 2314 1097 2406; x_wconf 82' lang='lat' dir='ltr'><strong><em>parabatur,</em></strong></span> <span class='ocrx_word' id='word_1_137' title='bbox 1134 2310 1284 2410; x_wconf 84' lang='lat' dir='ltr'><strong><em>scripsit</em></strong></span> <span class='ocrx_word' id='word_1_138' title='bbox 1310 2310 1522 2407; x_wconf 79' lang='lat' dir='ltr'><strong><em>patriarche</em></strong></span> <span class='ocrx_word' id='word_1_139' title='bbox 1651 2401 1652 2412; x_wconf 9' lang='grc' dir='ltr'>ἵ</span> 
     </span>
    </p>
   </div>
   <div class='ocr_carea' id='block_1_8' title="bbox 429 2410 1520 2508">
    <p class='ocr_par' dir='ltr' id='par_1_9' title="bbox 429 2410 1520 2508">
     <span class='ocr_line' id='line_1_20' title="bbox 429 2410 1520 2508; baseline -0.003 -23"><span class='ocrx_word' id='word_1_140' title='bbox 429 2410 772 2506; x_wconf 83' lang='lat' dir='ltr'><strong><em>iherosolimitana,</em></strong></span> <span class='ocrx_word' id='word_1_141' title='bbox 808 2411 998 2506; x_wconf 82' lang='lat' dir='ltr'><strong><em>magistris</em></strong></span> <span class='ocrx_word' id='word_1_142' title='bbox 1030 2414 1227 2484; x_wconf 91' lang='lat' dir='ltr'><strong><em>domorum</em></strong></span> <span class='ocrx_word' id='word_1_143' title='bbox 1251 2411 1454 2508; x_wconf 82' lang='lat' dir='ltr'><strong><em>Hospitalis</em></strong></span> <span class='ocrx_word' id='word_1_144' title='bbox 1483 2421 1520 2482; x_wconf 90' lang='lat' dir='ltr'><strong><em>et</em></strong></span> 
     </span>
    </p>
   </div>
   <div class='ocr_carea' id='block_1_9' title="bbox 429 2509 1651 2610">
    <p class='ocr_par' dir='ltr' id='par_1_10' title="bbox 429 2509 1651 2610">
     <span class='ocr_line' id='line_1_21' title="bbox 429 2509 1651 2610; baseline -0.003 -25"><span class='ocrx_word' id='word_1_145' title='bbox 429 2513 587 2610; x_wconf 87' lang='lat' dir='ltr'><strong><em>Templi,</em></strong></span> <span class='ocrx_word' id='word_1_146' title='bbox 615 2522 654 2583; x_wconf 89' lang='lat' dir='ltr'><strong><em>ut</em></strong></span> <span class='ocrx_word' id='word_1_147' title='bbox 681 2535 796 2609; x_wconf 89' lang='lat' dir='ltr'><strong><em>super</em></strong></span> <span class='ocrx_word' id='word_1_148' title='bbox 824 2511 895 2582; x_wconf 90' lang='lat' dir='ltr'><strong><em>hiis</em></strong></span> <span class='ocrx_word' id='word_1_149' title='bbox 926 2535 1012 2586; x_wconf 82' lang='lat' dir='ltr'><strong><em>eum</em></strong></span> <span class='ocrx_word' id='word_1_150' title='bbox 1043 2535 1109 2610; x_wconf 90' lang='lat' dir='ltr'><strong><em>per</em></strong></span> <span class='ocrx_word' id='word_1_151' title='bbox 1134 2537 1223 2584; x_wconf 82' lang='lat' dir='ltr'><strong><em>suas</em></strong></span> <span class='ocrx_word' id='word_1_152' title='bbox 1250 2515 1450 2586; x_wconf 78' lang='lat' dir='ltr'><strong><em>redderent</em></strong></span> <span class='ocrx_word' id='word_1_153' title='bbox 1467 2511 1523 2582; x_wconf 87' lang='lat' dir='ltr'><strong><em>lit·</em></strong></span> <span class='ocrx_word' id='word_1_154' title='bbox 1650 2509 1651 2512; x_wconf 65' lang='grc'>’</span> 
     </span>
    </p>
   </div>
   <div class='ocr_carea' id='block_1_10' title="bbox 426 2611 1521 3109">
    <p class='ocr_par' dir='ltr' id='par_1_11' title="bbox 426 2611 1521 2990">
     <span class='ocr_line' id='line_1_22' title="bbox 428 2611 1520 2710; baseline -0.004 -23"><span class='ocrx_word' id='word_1_155' title='bbox 428 2626 528 2687; x_wconf 86' lang='lat' dir='ltr'><strong><em>teras</em></strong></span> <span class='ocrx_word' id='word_1_156' title='bbox 555 2612 764 2685; x_wconf 85' lang='lat' dir='ltr'><strong><em>certiorem.</em></strong></span> <span class='ocrx_word' id='word_1_157' title='bbox 818 2611 888 2698; x_wconf 88' lang='lat' dir='ltr'><strong><em>Qui</em></strong></span> <span class='ocrx_word' id='word_1_158' title='bbox 910 2637 978 2710; x_wconf 92' lang='lat' dir='ltr'><strong><em>per</em></strong></span> <span class='ocrx_word' id='word_1_159' title='bbox 997 2616 1178 2710; x_wconf 85' lang='lat' dir='ltr'><strong><em>quasdam</em></strong></span> <span class='ocrx_word' id='word_1_160' title='bbox 1200 2637 1317 2686; x_wconf 85' lang='lat' dir='ltr'><strong><em>naves</em></strong></span> <span class='ocrx_word' id='word_1_161' title='bbox 1336 2614 1520 2685; x_wconf 85' lang='lat' dir='ltr'><strong><em>Venetam</em></strong></span> 
     </span>
     <span class='ocr_line' id='line_1_23' title="bbox 428 2713 1521 2811; baseline -0.002 -25"><span class='ocrx_word' id='word_1_162' title='bbox 428 2717 513 2788; x_wconf 90' lang='lat' dir='ltr'><strong><em>inde</em></strong></span> <span class='ocrx_word' id='word_1_163' title='bbox 534 2716 605 2786; x_wconf 83' lang='lat' dir='ltr'><strong><em>huc</em></strong></span> <span class='ocrx_word' id='word_1_164' title='bbox 623 2713 952 2810; x_wconf 81' lang='lat' dir='ltr'><strong><em>transmeantium,</em></strong></span> <span class='ocrx_word' id='word_1_165' title='bbox 979 2723 1057 2786; x_wconf 81' lang='lat' dir='ltr'><strong><em>tam</em></strong></span> <span class='ocrx_word' id='word_1_166' title='bbox 1081 2718 1296 2787; x_wconf 81' lang='lat' dir='ltr'><strong><em>detentores</em></strong></span> <span class='ocrx_word' id='word_1_167' title='bbox 1316 2739 1428 2811; x_wconf 84' lang='lat' dir='ltr'><strong><em>quam</em></strong></span> <span class='ocrx_word' id='word_1_168' title='bbox 1448 2724 1521 2785; x_wconf 90' lang='lat' dir='ltr'><strong><em>ter·</em></strong></span> 
     </span>
     <span class='ocr_line' id='line_1_24' title="bbox 427 2815 1519 2912; baseline -0.003 -24"><span class='ocrx_word' id='word_1_169' title='bbox 427 2841 489 2890; x_wconf 86' lang='lat' dir='ltr'><strong><em>ras</em></strong></span> <span class='ocrx_word' id='word_1_170' title='bbox 521 2827 558 2888; x_wconf 88' lang='lat' dir='ltr'><strong><em>et</em></strong></span> <span class='ocrx_word' id='word_1_171' title='bbox 590 2839 715 2888; x_wconf 87' lang='lat' dir='ltr'><strong><em>mores</em></strong></span> <span class='ocrx_word' id='word_1_172' title='bbox 742 2839 873 2886; x_wconf 89' lang='lat' dir='ltr'><strong><em>eorum</em></strong></span> <span class='ocrx_word' id='word_1_173' title='bbox 902 2826 1156 2912; x_wconf 86' lang='lat' dir='ltr'><strong><em>exposuerunt</em></strong></span> <span class='ocrx_word' id='word_1_174' title='bbox 1183 2815 1216 2888; x_wconf 90' lang='lat' dir='ltr'><strong><em>ei</em></strong></span> <span class='ocrx_word' id='word_1_175' title='bbox 1246 2815 1457 2888; x_wconf 86' lang='lat' dir='ltr'><strong><em>certissime</em></strong></span> <span class='ocrx_word' id='word_1_176' title='bbox 1482 2815 1519 2885; x_wconf 91' lang='lat' dir='ltr'><strong><em>in</em></strong></span> 
     </span>
     <span class='ocr_line' id='line_1_25' title="bbox 426 2919 715 2990; baseline -0.01 -1"><span class='ocrx_word' id='word_1_177' title='bbox 426 2919 526 2990; x_wconf 87' lang='lat' dir='ltr'><strong><em>hunc</em></strong></span> <span class='ocrx_word' id='word_1_178' title='bbox 545 2919 715 2987; x_wconf 88' lang='lat' dir='ltr'><strong><em>modum:</em></strong></span> 
     </span>
    </p>

    <p class='ocr_par' dir='ltr' id='par_1_12' title="bbox 499 3014 1520 3109">
     <span class='ocr_line' id='line_1_26' title="bbox 499 3014 1520 3109; baseline -0.003 -21"><span class='ocrx_word' id='word_1_179' title='bbox 499 3017 698 3088; x_wconf 86' lang='lat' dir='ltr'><strong><em>Saladinus</em></strong></span> <span class='ocrx_word' id='word_1_180' title='bbox 713 3022 747 3086; x_wconf 93' lang='lat' dir='ltr'><strong><em>et</em></strong></span> <span class='ocrx_word' id='word_1_181' title='bbox 759 3014 978 3109; x_wconf 82' lang='lat' dir='ltr'><strong><em>Sephedinns</em></strong></span> <span class='ocrx_word' id='word_1_182' title='bbox 991 3016 1062 3089; x_wconf 88' lang='lat' dir='ltr'><strong><em>duo</em></strong></span> <span class='ocrx_word' id='word_1_183' title='bbox 1075 3018 1212 3101; x_wconf 76' lang='lat' dir='ltr'><strong><em>patres</em></strong></span> <span class='ocrx_word' id='word_1_184' title='bbox 1224 3019 1378 3102; x_wconf 77' lang='lat' dir='ltr'><strong><em>fuerunt.</em></strong></span> <span class='ocrx_word' id='word_1_185' title='bbox 1421 3015 1520 3086; x_wconf 89' lang='lat' dir='ltr'><strong><em>Mor·</em></strong></span> 
     </span>
    </p>
   </div>
   <div class='ocr_carea' id='block_1_11' title="bbox 425 3115 1651 3211">
    <p class='ocr_par' dir='ltr' id='par_1_13' title="bbox 425 3115 1651 3211">
     <span class='ocr_line' id='line_1_27' title="bbox 425 3115 1651 3211; baseline -0.003 -23"><span class='ocrx_word' id='word_1_186' title='bbox 425 3124 485 3188; x_wconf 89' lang='lat' dir='ltr'><strong><em>tuo</em></strong></span> <span class='ocrx_word' id='word_1_187' title='bbox 511 3115 702 3210; x_wconf 84' lang='lat' dir='ltr'><strong><em>Saladino,</em></strong></span> <span class='ocrx_word' id='word_1_188' title='bbox 729 3117 789 3211; x_wconf 86' lang='lat' dir='ltr'><strong><em>qui</em></strong></span> <span class='ocrx_word' id='word_1_189' title='bbox 813 3115 937 3187; x_wconf 80' lang='lat' dir='ltr'><strong><em>holuit</em></strong></span> <span class='ocrx_word' id='word_1_190' title='bbox 960 3117 1122 3188; x_wconf 81' lang='lat' dir='ltr'><strong><em>undecim</em></strong></span> <span class='ocrx_word' id='word_1_191' title='bbox 1145 3117 1248 3209; x_wconf 72' lang='lat' dir='ltr'><strong><em>filios,</em></strong></span> <span class='ocrx_word' id='word_1_192' title='bbox 1276 3121 1441 3211; x_wconf 81' lang='lat' dir='ltr'><strong><em>repnaoit</em></strong></span> <span class='ocrx_word' id='word_1_193' title='bbox 1457 3116 1520 3187; x_wconf 84' lang='lat' dir='ltr'><strong><em>Se·</em></strong></span> <span class='ocrx_word' id='word_1_194' title='bbox 1650 3137 1651 3154; x_wconf 61' lang='lat'>¹</span> 
     </span>
    </p>
   </div>
   <div class='ocr_carea' id='block_1_12' title="bbox 423 3216 1517 3312">
    <p class='ocr_par' dir='ltr' id='par_1_14' title="bbox 423 3216 1517 3312">
     <span class='ocr_line' id='line_1_28' title="bbox 423 3216 1517 3312; baseline -0.003 -24"><span class='ocrx_word' id='word_1_195' title='bbox 423 3217 608 3311; x_wconf 80' lang='lat' dir='ltr'><strong><em>phedinns,</em></strong></span> <span class='ocrx_word' id='word_1_196' title='bbox 636 3221 695 3312; x_wconf 80' lang='lat' dir='ltr'><strong><em>qui</em></strong></span> <span class='ocrx_word' id='word_1_197' title='bbox 713 3216 842 3288; x_wconf 89' lang='lat' dir='ltr'><strong><em>occidit</em></strong></span> <span class='ocrx_word' id='word_1_198' title='bbox 860 3241 982 3290; x_wconf 89' lang='lat' dir='ltr'><strong><em>onmes</em></strong></span> <span class='ocrx_word' id='word_1_199' title='bbox 1000 3225 1143 3311; x_wconf 84' lang='lat' dir='ltr'><strong><em>nepotes</em></strong></span> <span class='ocrx_word' id='word_1_200' title='bbox 1160 3241 1256 3311; x_wconf 87' lang='lat' dir='ltr'><strong><em>suos,</em></strong></span> <span class='ocrx_word' id='word_1_201' title='bbox 1270 3224 1392 3312; x_wconf 86' lang='lat' dir='ltr'><strong><em>preter</em></strong></span> <span class='ocrx_word' id='word_1_202' title='bbox 1410 3239 1517 3288; x_wconf 90' lang='lat' dir='ltr'><strong><em>unum</em></strong></span> 
     </span>
    </p>
   </div>
   <div class='ocr_carea' id='block_1_13' title="bbox 424 3316 1651 3614">
    <p class='ocr_par' dir='ltr' id='par_1_15' title="bbox 424 3316 1651 3614">
     <span class='ocr_line' id='line_1_29' title="bbox 425 3316 1651 3415; baseline -0.002 -26"><span class='ocrx_word' id='word_1_203' title='bbox 425 3320 484 3414; x_wconf 89' lang='lat' dir='ltr'><strong><em>qui</em></strong></span> <span class='ocrx_word' id='word_1_204' title='bbox 507 3323 659 3389; x_wconf 87' lang='lat' dir='ltr'><strong><em>vocatur</em></strong></span> <span class='ocrx_word' id='word_1_205' title='bbox 682 3316 944 3410; x_wconf 80' lang='lat' dir='ltr'><strong><em>Melchisedech,</em></strong></span> <span class='ocrx_word' id='word_1_206' title='bbox 972 3321 1032 3415; x_wconf 86' lang='lat' dir='ltr'><strong><em>qui</em></strong></span> <span class='ocrx_word' id='word_1_207' title='bbox 1050 3324 1142 3390; x_wconf 90' lang='lat' dir='ltr'><strong><em>tenet</em></strong></span> <span class='ocrx_word' id='word_1_208' title='bbox 1158 3325 1293 3390; x_wconf 91' lang='lat' dir='ltr'><strong><em>terram</em></strong></span> <span class='ocrx_word' id='word_1_209' title='bbox 1312 3321 1418 3389; x_wconf 89' lang='lat' dir='ltr'><strong><em>istam</em></strong></span> <span class='ocrx_word' id='word_1_210' title='bbox 1437 3341 1517 3389; x_wconf 87' lang='lat' dir='ltr'><strong><em>cum</em></strong></span> <span class='ocrx_word' id='word_1_211' title='bbox 1650 3333 1651 3344; x_wconf 60' lang='lat'>¹</span> 
     </span>
     <span class='ocr_line' id='line_1_30' title="bbox 425 3405 1651 3512; baseline -0.002 -22"><span class='ocrx_word' id='word_1_212' title='bbox 425 3418 587 3490; x_wconf 78' lang='lat' dir='ltr'><strong><em>omnibus</em></strong></span> <span class='ocrx_word' id='word_1_213' title='bbox 611 3419 825 3512; x_wconf 81' lang='lat' dir='ltr'><strong><em>civitatibus,</em></strong></span> <span class='ocrx_word' id='word_1_214' title='bbox 860 3421 990 3492; x_wconf 89' lang='lat' dir='ltr'><strong><em>castris</em></strong></span> <span class='ocrx_word' id='word_1_215' title='bbox 1017 3426 1050 3491; x_wconf 94' lang='lat' dir='ltr'><strong><em>et</em></strong></span> <span class='ocrx_word' id='word_1_216' title='bbox 1073 3419 1163 3491; x_wconf 87' lang='lat' dir='ltr'><strong><em>villis</em></strong></span> <span class='ocrx_word' id='word_1_217' title='bbox 1188 3426 1223 3490; x_wconf 91' lang='lat' dir='ltr'><strong><em>et</em></strong></span> <span class='ocrx_word' id='word_1_218' title='bbox 1248 3419 1329 3491; x_wconf 90' lang='lat' dir='ltr'><strong><em>aliis</em></strong></span> <span class='ocrx_word' id='word_1_219' title='bbox 1355 3420 1517 3490; x_wconf 89' lang='lat' dir='ltr'><strong><em>munitio·</em></strong></span> <span class='ocrx_word' id='word_1_220' title='bbox 1597 3405 1603 3428; x_wconf 64' lang='lat'>⁸</span> <span class='ocrx_word' id='word_1_221' title='bbox 1650 3411 1651 3472; x_wconf 57' lang='lat' dir='ltr'><strong>f</strong></span> 
     </span>
     <span class='ocr_line' id='line_1_31' title="bbox 424 3518 1651 3614; baseline -0.002 -24"><span class='ocrx_word' id='word_1_222' title='bbox 424 3519 545 3612; x_wconf 80' lang='lat' dir='ltr'><strong><em>nibus,</em></strong></span> <span class='ocrx_word' id='word_1_223' title='bbox 580 3542 645 3613; x_wconf 86' lang='lat' dir='ltr'><strong><em>que</em></strong></span> <span class='ocrx_word' id='word_1_224' title='bbox 676 3526 760 3592; x_wconf 88' lang='lat' dir='ltr'><strong><em>sunt</em></strong></span> <span class='ocrx_word' id='word_1_225' title='bbox 786 3519 866 3612; x_wconf 90' lang='lat' dir='ltr'><strong><em>plus</em></strong></span> <span class='ocrx_word' id='word_1_226' title='bbox 892 3518 935 3591; x_wconf 89' lang='lat' dir='ltr'><strong><em>de</em></strong></span> <span class='ocrx_word' id='word_1_227' title='bbox 960 3520 1129 3592; x_wconf 85' lang='lat' dir='ltr'><strong><em>ducentis.</em></strong></span> <span class='ocrx_word' id='word_1_228' title='bbox 1183 3519 1402 3613; x_wconf 84' lang='lat' dir='ltr'><strong><em>Seplredinus</em></strong></span> <span class='ocrx_word' id='word_1_229' title='bbox 1432 3541 1516 3590; x_wconf 89' lang='lat' dir='ltr'><strong><em>vero</em></strong></span> <span class='ocrx_word' id='word_1_230' title='bbox 1650 3543 1651 3614; x_wconf 57' lang='lat' dir='ltr'><strong><em>i</em></strong></span> 
     </span>
    </p>
   </div>
   <div class='ocr_carea' id='block_1_14' title="bbox 397 3619 1518 4319">
    <p class='ocr_par' dir='ltr' id='par_1_16' title="bbox 397 3619 1518 4319">
     <span class='ocr_line' id='line_1_32' title="bbox 423 3619 1518 3714; baseline -0.003 -23"><span class='ocrx_word' id='word_1_231' title='bbox 423 3619 549 3707; x_wconf 80' lang='lat' dir='ltr'><strong><em>habuit</em></strong></span> <span class='ocrx_word' id='word_1_232' title='bbox 572 3620 741 3712; x_wconf 72' lang='lat' dir='ltr'><strong><em>filias15,</em></strong></span> <span class='ocrx_word' id='word_1_233' title='bbox 770 3619 813 3691; x_wconf 89' lang='lat' dir='ltr'><strong><em>de</em></strong></span> <span class='ocrx_word' id='word_1_234' title='bbox 838 3621 963 3714; x_wconf 77' lang='lat' dir='ltr'><strong><em>quilius</em></strong></span> <span class='ocrx_word' id='word_1_235' title='bbox 981 3619 1192 3692; x_wconf 81' lang='lat' dir='ltr'><strong><em>hereditavit</em></strong></span> <span class='ocrx_word' id='word_1_236' title='bbox 1207 3626 1349 3714; x_wconf 87' lang='lat' dir='ltr'><strong><em>septem.</em></strong></span> <span class='ocrx_word' id='word_1_237' title='bbox 1399 3619 1518 3690; x_wconf 88' lang='lat' dir='ltr'><strong><em>Silicet</em></strong></span> 
     </span>
     <span class='ocr_line' id='line_1_33' title="bbox 397 3719 1515 3815; baseline -0.003 -23"><span class='ocrx_word' id='word_1_238' title='bbox 397 3720 398 3723; x_wconf 65' lang='grc'>’</span> <span class='ocrx_word' id='word_1_239' title='bbox 424 3719 683 3811; x_wconf 80' lang='lat' dir='ltr'><strong><em>Melitelremme,</em></strong></span> <span class='ocrx_word' id='word_1_240' title='bbox 712 3722 771 3815; x_wconf 80' lang='lat' dir='ltr'><strong><em>qui</em></strong></span> <span class='ocrx_word' id='word_1_241' title='bbox 794 3724 932 3813; x_wconf 89' lang='lat' dir='ltr'><strong><em>primus</em></strong></span> <span class='ocrx_word' id='word_1_242' title='bbox 956 3727 1009 3792; x_wconf 88' lang='lat' dir='ltr'><strong><em>est</em></strong></span> <span class='ocrx_word' id='word_1_243' title='bbox 1031 3728 1066 3792; x_wconf 87' lang='lat' dir='ltr'><strong><em>et</em></strong></span> <span class='ocrx_word' id='word_1_244' title='bbox 1087 3723 1206 3793; x_wconf 88' lang='lat' dir='ltr'><strong><em>maior</em></strong></span> <span class='ocrx_word' id='word_1_245' title='bbox 1233 3727 1321 3792; x_wconf 90' lang='lat' dir='ltr'><strong><em>natu</em></strong></span> <span class='ocrx_word' id='word_1_246' title='bbox 1340 3721 1515 3810; x_wconf 80' lang='lat' dir='ltr'><strong><em>omnibus,</em></strong></span> 
     </span>
     <span class='ocr_line' id='line_1_34' title="bbox 423 3818 1515 3915; baseline -0.002 -23"><span class='ocrx_word' id='word_1_247' title='bbox 423 3821 478 3893; x_wconf 83' lang='lat' dir='ltr'><strong><em>trio</em></strong></span> <span class='ocrx_word' id='word_1_248' title='bbox 495 3827 589 3893; x_wconf 85' lang='lat' dir='ltr'><strong><em>tenet</em></strong></span> <span class='ocrx_word' id='word_1_249' title='bbox 604 3818 871 3912; x_wconf 71' lang='lat' dir='ltr'><strong><em>Alexandriam,</em></strong></span> <span class='ocrx_word' id='word_1_250' title='bbox 899 3821 1127 3894; x_wconf 84' lang='lat' dir='ltr'><strong><em>Bobiloniarn</em></strong></span> <span class='ocrx_word' id='word_1_251' title='bbox 1149 3823 1316 3915; x_wconf 79' lang='lat' dir='ltr'><strong><em>Capram,</em></strong></span> <span class='ocrx_word' id='word_1_252' title='bbox 1343 3828 1378 3892; x_wconf 87' lang='lat' dir='ltr'><strong><em>et</em></strong></span> <span class='ocrx_word' id='word_1_253' title='bbox 1402 3827 1515 3892; x_wconf 90' lang='lat' dir='ltr'><strong><em>totam</em></strong></span> 
     </span>
     <span class='ocr_line' id='line_1_35' title="bbox 422 3921 1516 4018; baseline -0.002 -26"><span class='ocrx_word' id='word_1_254' title='bbox 422 3929 557 3994; x_wconf 86' lang='lat' dir='ltr'><strong><em>terram</em></strong></span> <span class='ocrx_word' id='word_1_255' title='bbox 575 3921 692 4016; x_wconf 79' lang='lat' dir='ltr'><strong><em>lipipti</em></strong></span> <span class='ocrx_word' id='word_1_256' title='bbox 709 3921 908 3993; x_wconf 81' lang='lat' dir='ltr'><strong><em>inrueridie</em></strong></span> <span class='ocrx_word' id='word_1_257' title='bbox 926 3929 959 3994; x_wconf 88' lang='lat' dir='ltr'><strong><em>et</em></strong></span> <span class='ocrx_word' id='word_1_258' title='bbox 976 3925 1212 4018; x_wconf 88' lang='lat' dir='ltr'><strong><em>septentrione</em></strong></span> <span class='ocrx_word' id='word_1_259' title='bbox 1218 3950 1232 4014; x_wconf 80' lang='lat'><strong><em>,-</em></strong></span> <span class='ocrx_word' id='word_1_260' title='bbox 1251 3927 1310 4017; x_wconf 85' lang='lat' dir='ltr'><strong><em>qui</em></strong></span> <span class='ocrx_word' id='word_1_261' title='bbox 1325 3927 1408 4015; x_wconf 92' lang='lat' dir='ltr'><strong><em>post</em></strong></span> <span class='ocrx_word' id='word_1_262' title='bbox 1421 3943 1516 3992; x_wconf 91' lang='lat' dir='ltr'><strong><em>mor·</em></strong></span> 
     </span>
     <span class='ocr_line' id='line_1_36' title="bbox 423 4021 1515 4118; baseline 0 -26"><span class='ocrx_word' id='word_1_263' title='bbox 423 4029 491 4093; x_wconf 88' lang='lat' dir='ltr'><strong><em>tem</em></strong></span> <span class='ocrx_word' id='word_1_264' title='bbox 508 4024 625 4115; x_wconf 89' lang='lat' dir='ltr'><strong><em>patris</em></strong></span> <span class='ocrx_word' id='word_1_265' title='bbox 642 4024 698 4094; x_wconf 85' lang='lat' dir='ltr'><strong><em>sui</em></strong></span> <span class='ocrx_word' id='word_1_266' title='bbox 717 4021 906 4115; x_wconf 80' lang='lat' dir='ltr'><strong><em>Seplredini</em></strong></span> <span class='ocrx_word' id='word_1_267' title='bbox 930 4022 973 4094; x_wconf 90' lang='lat' dir='ltr'><strong><em>de</em></strong></span> <span class='ocrx_word' id='word_1_268' title='bbox 995 4024 1156 4118; x_wconf 78' lang='lat' dir='ltr'><strong><em>penerali</em></strong></span> <span class='ocrx_word' id='word_1_269' title='bbox 1178 4025 1427 4096; x_wconf 86' lang='lat' dir='ltr'><strong><em>constitutione</em></strong></span> <span class='ocrx_word' id='word_1_270' title='bbox 1448 4045 1515 4113; x_wconf 90' lang='lat' dir='ltr'><strong><em>pa·</em></strong></span> 
     </span>
     <span class='ocr_line' id='line_1_37' title="bbox 423 4123 1517 4207; baseline 0.002 -17"><span class='ocrx_word' id='word_1_271' title='bbox 423 4123 488 4192; x_wconf 89' lang='lat' dir='ltr'><strong><em>tris</em></strong></span> <span class='ocrx_word' id='word_1_272' title='bbox 512 4129 547 4194; x_wconf 90' lang='lat' dir='ltr'><strong><em>et</em></strong></span> <span class='ocrx_word' id='word_1_273' title='bbox 570 4125 727 4207; x_wconf 77' lang='lat' dir='ltr'><strong><em>fratrum</em></strong></span> <span class='ocrx_word' id='word_1_274' title='bbox 754 4123 854 4194; x_wconf 82' lang='lat' dir='ltr'><strong><em>debet</em></strong></span> <span class='ocrx_word' id='word_1_275' title='bbox 879 4148 953 4195; x_wconf 86' lang='lat' dir='ltr'><strong><em>esse</em></strong></span> <span class='ocrx_word' id='word_1_276' title='bbox 979 4123 1143 4196; x_wconf 89' lang='lat' dir='ltr'><strong><em>dominus</em></strong></span> <span class='ocrx_word' id='word_1_277' title='bbox 1170 4125 1325 4196; x_wconf 89' lang='lat' dir='ltr'><strong><em>omnium</em></strong></span> <span class='ocrx_word' id='word_1_278' title='bbox 1351 4129 1385 4194; x_wconf 89' lang='lat' dir='ltr'><strong><em>et</em></strong></span> <span class='ocrx_word' id='word_1_279' title='bbox 1409 4125 1517 4192; x_wconf 87' lang='lat' dir='ltr'><strong><em>totius</em></strong></span> 
     </span>
     <span class='ocr_line' id='line_1_38' title="bbox 423 4221 1517 4319; baseline 0.001 -29"><span class='ocrx_word' id='word_1_280' title='bbox 423 4227 525 4319; x_wconf 79' lang='lat' dir='ltr'><strong><em>terre.</em></strong></span> <span class='ocrx_word' id='word_1_281' title='bbox 559 4221 744 4294; x_wconf 82' lang='lat' dir='ltr'><strong><em>Secundus</em></strong></span> <span class='ocrx_word' id='word_1_282' title='bbox 761 4223 853 4309; x_wconf 77' lang='lat' dir='ltr'><strong><em>tilius</em></strong></span> <span class='ocrx_word' id='word_1_283' title='bbox 871 4231 923 4294; x_wconf 91' lang='lat' dir='ltr'><strong><em>est</em></strong></span> <span class='ocrx_word' id='word_1_284' title='bbox 940 4226 1081 4295; x_wconf 87' lang='lat' dir='ltr'><strong><em>nomine</em></strong></span> <span class='ocrx_word' id='word_1_285' title='bbox 1100 4223 1313 4316; x_wconf 86' lang='lat' dir='ltr'><strong><em>Coradinus,</em></strong></span> <span class='ocrx_word' id='word_1_286' title='bbox 1333 4225 1393 4319; x_wconf 86' lang='lat' dir='ltr'><strong><em>qui</em></strong></span> <span class='ocrx_word' id='word_1_287' title='bbox 1410 4223 1517 4294; x_wconf 80' lang='lat' dir='ltr'><strong><em>habet</em></strong></span> 
     </span>
    </p>
   </div>
   <div class='ocr_carea' id='block_1_15' title="bbox 0 0 1668 5022">
    <p class='ocr_par' dir='ltr' id='par_1_17' title="bbox 0 0 1668 5022">
     <span class='ocr_line' id='line_1_39' title="bbox 0 0 1668 5022; baseline 0 4"><span class='ocrx_word' id='word_1_288' title='bbox 0 0 1668 5022; x_wconf 95' lang='lat' dir='ltr'><strong><em> </em></strong></span> 
     </span>
    </p>
   </div>
  </div>
 </body>
</html>
