3352 5026
422 418 493 491 156
612 413 897 488 RYCCARDUS
925 415 985 487 DE
1012 414 1047 487 S.
1076 413 1316 488 chuntilo.

419 639 548 689 comes
576 613 689 709 vadit,
715 625 881 688 tractans
905 615 1003 686 inter
1027 614 1151 712 ipsum
1179 625 1216 686 et
1241 616 1513 712 imperatorem

418 721 556 789 honum
577 714 715 813 pacis⁸.

799 919 1134 928 *..-....-—.——--.-—.--—-

425 1097 426 1100 ‘
517 1143 755 1220 avectam
780 1143 1009 1217 urrsrom
1036 1144 1098 1216 nn
1127 1143 1412 1218 cnsmuvsns

708 1245 756 1316 IN
782 1245 888 1318 FINE
916 1245 1053 1317 VITAE
1081 1245 1222 1318 Missa
1283 1329 1286 1334 ,

525 1395 561 1434 cu
580 1383 671 1434 codice
691 1379 830 1436 Catinensi
847 1396 956 1436 numero
976 1379 1030 1432 342
1048 1385 1151 1450 signato
1170 1397 1187 1434 a
1206 1379 1312 1436 Gallula
1332 1382 1411 1434 edila.

508 1525 650 1586 Dominis
673 1525 787 1586 sanctis
811 1533 843 1586 et
865 1527 1005 1606 patribus
1027 1525 1209 1587 reverendis
1232 1544 1322 1588 sacro
1346 1525 1517 1586 conventui

313 1609 315 1614 ’
422 1607 593 1681 Cannensi,
615 1607 809 1687 singulorum
833 1619 864 1670 et
886 1610 1025 1670 omnium
1049 1609 1151 1670 tidelis
1170 1619 1201 1670 et
1216 1609 1358 1670 subditus
1375 1607 1517 1669 notarius

424 1691 591 1752 Riccardus
616 1691 655 1752 de
672 1691 786 1753 Sancto
811 1691 967 1754 Germano
984 1713 1093 1754 eornm
1111 1693 1224 1754 sanctis
1243 1693 1437 1754 orationihus
1454 1692 1517 1752 ad—

422 1775 531 1840 iuvari.
944 1850 950 1859 ἱ
1158 1849 1159 1852 ¹

505 1857 565 1932 Qui
588 1857 721 1919 visitavit
745 1877 802 1918 nos
827 1859 944 1919 dudum
969 1859 1073 1919 oriens
1097 1877 1134 1919 ox
1157 1859 1236 1929 alto,
1266 1859 1393 1920 visitans
1417 1877 1535 1942 nuper,

396 1977 402 1985 -
423 1941 557 2002 visitavit
573 1961 631 2014 me,
655 1949 685 2001 et
701 1942 834 2002 visitatio
851 1959 908 2003 sua
924 1943 1092 2003 custodivit
1106 1943 1248 2022 spiritum
1265 1961 1380 2007 meum.
1412 1939 1515 2002 Casti·

422 2043 498 2104 gaus
527 2024 689 2104 castigavit
717 2045 780 2098 me,
815 2033 845 2086 et
874 2029 965 2087 morti
998 2046 1060 2086 non
1092 2023 1234 2105 tradidit,
1262 2026 1314 2106 qui
1343 2023 1516 2105 peccatoris

423 2117 556 2169 mortem
585 2127 647 2168 non
676 2109 789 2189 diligit,
819 2109 876 2170 sed
906 2109 1049 2174 salutem.
1092 2110 1172 2170 Ecce
1195 2129 1300 2170 arcum
1325 2117 1435 2170 contra
1456 2126 1528 2181 me,¹

423 2209 529 2252 arcum
557 2212 648 2252 suum
678 2192 822 2266 tetendit,
851 2201 881 2254 et
909 2193 1031 2272 paravit
1059 2191 1163 2265 illum,
1195 2201 1225 2254 et
1252 2191 1282 2252 in
1305 2193 1375 2273 ipso
1397 2193 1519 2271 paravit

406 2293 497 2336 'vasa
522 2277 646 2348 mortis,
674 2275 786 2355 sagitta
810 2283 898 2338 acuta
923 2276 1099 2338 vulneravit
1123 2295 1181 2339 me.
1226 2275 1279 2336 Set
1302 2276 1421 2338 vulneri
1446 2293 1518 2336 meo

425 2367 497 2438 post
514 2357 618 2418 vinum
636 2360 835 2433 austeritatis,
860 2359 1095 2421 misericordiae
1115 2361 1219 2420 oleum
1236 2359 1448 2421 Samaritanus
1464 2359 1522 2426 in-,

423 2442 516 2514 fudit,
551 2441 604 2522 qui
637 2442 841 2521 aegritudinis
873 2462 961 2502 meae
992 2443 1155 2522 dispendia
1188 2443 1218 2502 iu
1252 2443 1361 2504 salutis
1395 2441 1519 2502 animae

425 2525 612 2602 compendia
641 2527 851 2590 commutavit.
905 2527 985 2586 Ecce
1018 2545 1112 2608 quam
1146 2529 1247 2587 bonus
1280 2525 1520 2599 est³llominus,

425 2626 519 2689 quam
537 2609 605 2686 pius
621 2619 667 2670 cst
690 2617 720 2668 el
742 2610 935 2682 misericors;
958 2609 1011 2690 qui
1034 2609 1156 2690 pietatis
1172 2629 1235 2670 nou
1251 2609 1424 2681 immemor,
1449 2629 1520 2670 cum

424 2695 522 2753 iratus
540 2691 632 2752 fuerit
648 2712 710 2752 non
728 2693 921 2754 obliviscitur
937 2691 1088 2766 misereri,
1110 2693 1178 2772 ipse
1198 2694 1279 2754 enim
1296 2693 1357 2754 mei
1373 2693 1521 2754 misertus

427 2784 490 2850 esl;
519 2775 664 2836 misertus
688 2785 734 2837 est
763 2785 793 2837 et
823 2773 979 2856 pepercit;
1010 2795 1066 2838 nec
1096 2777 1239 2838 accendit
1265 2777 1296 2836 in
1322 2795 1370 2837 rne
1394 2795 1521 2838 omnem
1626 2785 1629 2795 ’

425 2859 504 2919 iram
534 2877 637 2931 suam,
664 2859 779 2939 eripuit
806 2861 940 2920 animam
972 2879 1073 2922 meam
1103 2861 1142 2922 de
1165 2869 1280 2935 morte,
1311 2861 1464 2940 percussit
1492 2868 1523 2920 ct

428 2941 551 3003 sanavit
573 2961 636 3012 me,
666 2943 777 3002 vulnus
800 2943 904 3004 intulit
927 2943 1072 3004 adhibuit
1103 2949 1134 3004 et
1156 2943 1325 3017 medelam,
1354 2953 1387 3004 ut
1415 2943 1521 3005 vivens

429 3023 533 3086 adhuc
556 3025 721 3084 emendem
744 3026 774 3084 in
800 3027 924 3098 melius,
954 3027 1049 3108 quod·
1068 3027 1148 3104 gessi
1172 3046 1336 3107 perperam
1360 3027 1409 3088 vel
1431 3046 1521 3088 com-

430 3105 509 3169 misi.
552 3106 612 3166 Pro
637 3127 685 3168 me
708 3127 827 3189 quaeso
851 3110 951 3188 igitur,
976 3119 1078 3188 patres
1102 3113 1162 3173 mei
1186 3118 1216 3171 ct
1239 3111 1370 3187 domini,
1393 3112 1421 3172 ei
1443 3127 1520 3189 gra-

431 3192 488 3252 tias
511 3188 600 3268 agile,
623 3191 675 3272 qui
699 3211 749 3252 me
773 3192 811 3252 de
835 3201 935 3254 morte
958 3193 1082 3254 reduxit
1104 3193 1143 3254 ad
1161 3194 1266 3268 vitam,
1290 3195 1437 3276 quoniam
1453 3200 1521 3252 ter-

430 3273 529 3335 rihilis
551 3274 619 3352 ipse
642 3281 703 3348 est,
726 3275 778 3356 qui
802 3275 904 3337 aufert
926 3275 1066 3355 spiritum
1093 3275 1284 3358 principum,
1307 3277 1453 3338 terribilis
1476 3282 1522 3336 est

430 3358 512 3436 apud
537 3377 627 3436 reges
651 3365 767 3434 terrae;
798 3378 913 3442 meque
943 3366 1043 3421 vestra
1073 3379 1198 3441 semper
1220 3360 1387 3422 comitetur
1409 3358 1522 3432 oratio,

429 3449 463 3502 ut
487 3442 572 3520 quod
596 3443 789 3520 possibilitas
813 3462 882 3504 mea
905 3462 967 3502 non
992 3443 1120 3523 optinet,
1145 3453 1247 3505 vestra
1271 3445 1345 3504 mihi
1368 3445 1524 3505 interces-

429 3525 519 3586 sione
535 3524 680 3586 donetur.
709 3527 795 3586 Ecce·
811 3527 899 3587 mitto
923 3527 1011 3588 vohis
1035 3527 1165 3588 rithmus
1187 3548 1267 3610 quus
1291 3528 1349 3589 teci
1373 3529 1413 3588 do
1436 3527 1524 3607 egri-

431 3609 540 3668 tudine
563 3627 632 3668 mea
657 3609 808 3670 concinna
833 3611 907 3671 satis
931 3612 1076 3672 oratione
1096 3611 1286 3692 descriptos:

431 3747 454 3808 al
474 3749 617 3800 recentiori
634 3762 713 3800 monn
732 3751 759 3800 in
776 3744 828 3814 fine
844 3750 941 3802 codicis
958 3751 1034 3803 adest
1047 3751 1113 3804 lucc
1128 3752 1271 3820 adnotatio,
1293 3752 1425 3804 videlicet:
1445 3748 1524 3804 Anno

432 3819 541 3872 Domini
563 3817 641 3872 llll.
662 3821 796 3872 disserta
818 3821 916 3874 mensis
935 3821 1050 3890 Augusti
1069 3824 1197 3893 septimae
1217 3823 1384 3888 indictionis,
1403 3840 1449 3876 rer
1470 3820 1524 3874 La·

431 3892 531 3945 dislaus
548 3893 659 3946 recessit
674 3895 706 3944 ab
725 3893 774 3946 hac
790 3893 842 3946 vita
859 3895 924 3947 hora
942 3895 1026 3964 prima
1043 3895 1106 3958 diei,
1124 3906 1150 3949 et
1167 3914 1263 3966 corpus
1280 3897 1337 3950 eius
1355 3896 1473 3950 tulerunt
1490 3897 1521 3946 de

431 3983 492 4018 sero
512 3967 537 4017 iu
556 3963 654 4018 Sancto
671 3965 790 4019 iohanne
810 3984 823 4018 a
845 3965 1010 4020 Carbonaria
1030 3969 1058 4020 iu
1078 3987 1132 4022 uuo
1153 3971 1245 4024 tabuto
1265 3971 1298 4023 de
1318 3970 1422 4033 tabulis,
1443 3978 1469 4022 et
1487 3965 1525 4019 ihi

433 4047 580 4107 posuerunt
605 4056 664 4091 eum
692 4039 764 4091 nulla
792 4040 860 4092 lacta
887 4043 1031 4112 obsequia3
1059 4051 1085 4095 et
1110 4043 1241 4096 subcessit
1267 4045 1293 4096 in
1320 4061 1404 4113 reguo
1423 4041 1456 4095 Ι).
1477 4038 1526 4093 Ιο-

434 4111 519 4163 hanna
541 4109 575 4164 ll.
596 4113 685 4181 regina
707 4113 740 4164 de
760 4113 894 4166 voluntate
913 4115 1120 4184 regnioulorum,
1141 4125 1168 4169 et
1187 4117 1310 4169 homines
1330 4119 1364 4169 de
1383 4131 1480 4186 regno,
1501 4122 1527 4166 et

434 4193 517 4235 terras
541 4187 574 4236 de
600 4184 724 4238 demanio
750 4194 777 4238 et
802 4186 912 4240 comites
939 4197 965 4241 et
991 4189 1107 4242 barones
1131 4199 1302 4242 accesserunt
1321 4187 1475 4259 Neapolim,
1503 4194 1529 4239 et

435 4273 527 4308 ornnes
546 4255 702 4311 iuraverunt
721 4258 873 4328 homagium
894 4261 1052 4315 voluntarie.
1092 4259 1272 4317 GATTULA.
