3352 5026
439 419 510 502 120
637 425 918 500 RYCCARDUS
946 427 1006 498 DE
1034 428 1069 500 S.
1099 425 1328 500 Germano

511 629 641 698 lllense
654 625 772 698 Martii
790 637 941 700 senator
956 651 1040 698 cum
1058 627 1245 698 nonnullis
1265 631 1310 700 de
1327 627 1530 700 maioribus

436 729 543 802 Urbis
564 729 608 798 ad
628 751 764 824 papam
786 737 875 824 aput
893 729 1101 823 Anagniam
1123 730 1274 822 vadunt7
1299 753 1456 824 quorum
1477 729 1531 799 iu·

435 834 567 902 ductus
587 829 771 925 precibus³
801 853 885 899 cum
905 827 1126 924 quibusdam
1148 851 1191 899 eu
1214 829 1461 901 cardinalibus
1483 832 1528 901 ad

436 933 573 1010 Urbem
598 927 704 1024 redit
732 928 792 1000 ubi
821 953 906 999 cum
925 929 1068 1000 honore
1089 929 1252 1001 maximo
1273 931 1530 1001 Romanorum

436 1041 611 1128 receptus
633 1039 703 1124 est,
724 1039 760 1100 et
777 1053 865 1126 pars
885 1029 1027 1126 reliqua
1044 1030 1288 1101 cardinalium
1304 1041 1392 1128 aput
1407 1033 1530 1127 Anag-

389 1177 390 1180 =
436 1129 747 1204 uiamremansit.

511 1230 690 1326 Magister
717 1229 882 1302 Thomas
912 1229 1111 1301 cardinalis
1144 1233 1188 1300 de
1223 1234 1397 1302 mandato
1431 1255 1530 1328 pape

436 1357 592 1407 curm...
612 1341 702 1427 aput
715 1329 918 1402 Viterbium
936 1329 1035 1402 vadit
1052 1353 1119 1428 pro
1141 1331 1413 1429 compositione
1432 1333 1531 1403 inter

435 1437 626 1508 Romanos
648 1440 685 1502 et
705 1431 956 1503 viterbienses
978 1431 1157 1502 facienda.

510 1535 640 1605 blense
655 1532 790 1644 llprilis
811 1533 869 1604 die
891 1533 979 1603 lune
1000 1535 1056 1606 25
1079 1532 1220 1604 mensis
1241 1533 1410 1604 eiusdem
1430 1532 1529 1604 circa

435 1633 679 1726 meridiem7
671 1633 831 1704 infesto
860 1633 1003 1704 scilicet
1028 1631 1125 1703 beati
1145 1633 1259 1703 bllarci
1279 1634 1528 1729 euangeliste7

435 1737 532 1808 aeris
555 1733 758 1806 serenitate
779 1743 932 1827 mutata,
953 1757 1025 1830 que
1045 1733 1159 1803 multa
1177 1744 1269 1828 erut.
1288 1744 1391 1805 tanta
1406 1734 1527 1810 subito

434 1827 648 1945 tempestas
662 1832 843 1904 inhorruit
864 1843 901 1904 et
886 1833 1115 1904 tinundaolo
1131 1834 1206 1904 lact
1193 1843 1228 1903 ta
1245 1845 1304 1905 est
1316 1835 1525 1930 pluviarum

435 1941 485 2010 de
497 1958 670 2034 superuis
686 1935 841 2006 veniens
857 1944 964 2005 mont
949 1934 1060 2006 tibus
1080 1933 1262 2010 ammixta
1259 1935 1528 2032 grandinibus⁷

436 2040 479 2110 ad
508 2037 686 2108 Sanctum
715 2035 958 2127 Germanum,
985 2037 1081 2132 quod
1112 2037 1244 2106 domos
1273 2037 1499 2108 nonnullas
1490 2061 1527 2108 m

436 2138 532 2210 valle
552 2135 710 2232 replevit
728 2136 863 2208 alluvio
879 2147 916 2208 et
930 2139 1127 2208 domorum
1143 2135 1330 2229 utensilia,
1350 2138 1474 2209 oleum
1490 2147 1528 2208 et

374 2272 379 2317 z
435 2237 606 2310 victualia
627 2237 742 2308 multa
763 2261 892 2310 secum
911 2235 1060 2322 lluendo
1081 2237 1241 2310 deduxit.
1294 2237 1392 2310 Saxa
1413 2237 1525 2310 etiam

378 2387 380 2394 ,
435 2343 480 2411 de
509 2337 697 2410 montibus
725 2348 801 2410 tam
830 2337 985 2436 grandia
1012 2337 1145 2434 movit,
1174 2341 1270 2435 quod
1303 2363 1346 2410 ea
1375 2340 1525 2411 trabere

434 2440 549 2511 multa
571 2437 672 2535 paria
692 2441 829 2524 bovum
849 2462 923 2509 non
944 2438 1122 2510 valerent.

510 2539 723 2632 Raynuldus
752 2539 870 2610 dictus
896 2538 1037 2636 Spoleti
1064 2544 1143 2610 dux·
1163 2542 1337 2612 mandato
1365 2540 1525 2637 impera·

434 2639 526 2712 toris
554 2639 699 2710 ducitur
724 2650 814 2738 aput
831 2641 1068 2712 lutroducum
1090 2643 1157 2712 sub
1178 2643 1343 2714 custodia
1364 2645 1409 2714 ab
1427 2642 1526 2713 Hen-

436 2741 590 2814 rioode
622 2741 743 2812 blorro
776 2740 957 2836 magistro
990 2740 1202 2836 iustitiari07
1244 2753 1282 2813 ut
1316 2743 1416 2814 idem
1452 2745 1525 2813 dux

436 2853 610 2914 castrum
633 2841 754 2938 ipsum
788 2841 889 2914 reddi
922 2841 1033 2913 faciat
1063 2842 1276 2938 imperatori
1305 2869 1325 2914 3
1350 2843 1525 2916 Bertoldo

435 2944 548 3014 fratre
577 2967 645 3014 suo
672 2943 733 3038 qui
752 2942 839 3014 illud
858 2947 1028 3037 tenebat5
1057 2945 1154 3038 quod
1173 2943 1299 3014 facere
1319 2943 1418 3015 idem
1437 2944 1526 3015 Ber-

433 3043 555 3114 toldus
577 3044 620 3113 ad
639 3043 887 3116 interventum
904 3041 1160 3116 Messanensis
1180 3043 1454 3139 archiepiscopi
1470 3067 1527 3116 re-

460 3142 613 3214 remisit.

433 3171 456 3240 p
507 3242 611 3316 Pax
602 3254 698 3316 mter
712 3245 901 3317 Romanos
919 3255 955 3316 et
968 3241 1221 3316 Viterbienses
1237 3243 1439 3314 reformata
1456 3255 1526 3316 est.

508 3345 714 3442 Imperator
732 3347 947 3420 Messanam
962 3345 1091 3440 intrba
1119 3355 1156 3416 et
1181 3347 1226 3416 de
1249 3347 1437 3458 quoda-‘m
1430 3346 1525 3416 Mar-

435 3443 510 3516 tino
536 3447 716 3541 lllallone‚
753 3447 815 3544 qui
848 3457 961 3543 caput
991 3447 1112 3518 fuerat
1138 3455 1238 3518 mota
1202 3446 1373 3518 stedit'
1349 3445 1460 3518 tronis
1485 3446 1522 3516 in

434 3547 584 3644 populo
612 3558 649 3618 et
676 3547 757 3620 eius
782 3547 1025 3645 complicibus
1052 3545 1213 3643 sumpsit
1238 3547 1399 3619 debitam
1419 3546 1524 3632 ultio·

433 3669 534 3742 nem,
562 3650 607 3730 de
631 3648 762 3745 quibus
784 3651 966 3761 quosdam
986 3647 1191 3744 suspendio
1212 3657 1250 3719 e
1268 3647 1480 3744 quosdam
1471 3670 1524 3718 m·

434 3747 563 3820 cendio
582 3747 959 3920 condempnavit.

432 3949 529 4021 tibus
559 3951 705 4024 duceut'
680 3961 748 4046 tis
775 3951 812 4021 in
821 3927 972 4048 quibus¹
1000 3952 1044 4021 ab
1074 3936 1206 4038 abbate
1234 3929 1430 4024 Casinensi
1456 3885 1524 4021 sibl
1594 4029 1598 4035 ¹

434 4051 565 4122 serviri
592 4054 728 4124 debere
746 4051 958 4166 imperator
985 4047 1149 4146 dicebat
1182 4051 1337 4123 collecte
1366 4059 1453 4124 sunt
1478 4052 1524 4121 de

431 4161 532 4222 terra
550 4151 767 4225 monasterii
786 4152 895 4225 uncie
915 4156 996 4226 400
1068 4169 1070 4174 '

506 4250 780 4324 Florentinates
806 4277 922 4350 super
946 4252 1066 4324 Senas
1094 4254 1233 4324 vadunt
1261 4262 1346 4348 post
1365 4250 1526 4350 probibi-
